3190 5002
643 385 855 454 ..37—

190 562 261 642 Qua
282 581 339 646 spe
361 559 404 626 ad
416 557 546 626 irritum
567 560 702 627 redacta
723 559 795 626 fieri
816 582 882 646 non
903 562 1021 648 potuit,
1046 563 1125 646 quin
1148 568 1181 629 et
1192 564 1313 649 reliqui

190 687 300 732 omnes
310 663 524 729 Demostheni
539 670 775 748 suscenserent,
799 665 985 748 quicunque
997 667 1171 750 pristinam
1185 670 1313 751 patriae

189 770 325 853 gloriam
351 768 481 832 restitui
507 773 577 832 tum
606 788 702 854 posse
732 773 841 832 essent
870 767 1038 853 arbitrati,
1070 774 1103 835 et
1131 770 1312 856 Hyperides

189 893 263 937 eum
285 871 327 936 ad
338 870 553 935 Macedonum
574 876 686 952 partes
709 891 779 935 sese
801 870 1016 956 applicavisse
1038 877 1072 936 et
1095 871 1250 938 defecisse
1273 872 1313 938 de

188 975 328 1058 pristina
338 975 459 1038 virtute
475 972 537 1038 sibi
547 972 769 1057 persuaderet.
805 971 938 1037 Sincere
952 973 1053 1056 igitur
1063 976 1191 1061 patriae
1202 995 1312 1041 amore

187 1079 337 1142 incensus
367 1098 440 1141 eum
469 1077 503 1140 in
532 1075 649 1159 capitis
679 1074 853 1140 discrimen
892 1076 1035 1158 vocavit,
1074 1079 1195 1162 quippe
1224 1078 1319 1173 quod,

187 1179 361 1246 obsisteret
373 1178 515 1244 consiliis
527 1177 623 1242 laude
637 1177 836 1262 dignissimis
851 1170 1039 1260 civitatique
1050 1179 1309 1263 saluberrimis.¹)
1418 1210 1420 1232 ·

186 1282 224 1348 Id
245 1284 470 1366 unusquisque
499 1279 664 1363 concedet,
692 1279 920 1345 Demosthenis
946 1281 981 1344 in
1009 1301 1107 1346 causa
1133 1282 1312 1369 Harpalica

188 1385 306 1470 agendi
328 1387 489 1450 rationem
510 1383 684 1448 admodum
708 1382 838 1447 dubiam
853 1381 952 1446 fuisse
964 1387 1069 1448 totam
1080 1390 1114 1449 et
1125 1387 1310 1471 ancipitem,

188 1488 339 1572 quodque
352 1492 498 1572 rogasset
519 1491 556 1550 ut
578 1484 744 1570 Harpalus
766 1487 800 1549 in
823 1484 971 1551 custodia
992 1491 1161 1568 teneretur
1176 1489 1311 1572 ejusque

188 1613 264 1676 opes
297 1596 505 1656 servarentur
533 1610 639 1672 neque
669 1588 711 1653 ad
739 1587 863 1654 bellum
892 1587 1137 1674 adhiberentur,
1168 1598 1202 1657 et
1224 1591 1310 1675 quod

185 1694 362 1760 Demadem
371 1695 436 1759 sive
446 1692 616 1757 incitasset
624 1691 690 1756 sive
699 1690 878 1774 adjuvisset
885 1697 1065 1775 rogantem,
1079 1698 1117 1757 ut
1123 1693 1310 1760 Alexandro

186 1797 296 1862 divina
317 1795 466 1861 adoratio
488 1793 730 1875 concederetur,
752 1793 829 1858 hinc
842 1792 938 1857 facile
956 1815 1028 1858 eum
1046 1795 1081 1859 in
1093 1797 1309 1882 suspicionem

185 1899 303 1964 adduci
324 1899 477 1983 potuisse.
520 1896 569 1960 Ne
598 1895 680 1960 furis
702 1916 801 1960 causa
829 1895 904 1960 urbi
924 1894 1047 1961 bellum
1069 1898 1247 1964 inferretur
1268 1898 1309 1965 ab

184 2001 382 2083 Alexandro,
404 2000 585 2083 Harpalum
607 1996 855 2063 custodiendum
877 2019 946 2063 esse
968 1997 1104 2066 dixerat.
1149 2000 1233 2067 Sunt
1253 2001 1310 2085 qui

118 2083 120 2096 ¹
186 2103 296 2168 dicant
318 2124 338 2167 a
358 2102 556 2188 reipublicae
585 2101 745 2186 dignitate
773 2099 874 2166 fuisse
904 2100 1047 2168 alienum
1068 2103 1237 2189 Antipatri
1258 2104 1309 2169 vel

186 2205 386 2289 Olympiadis
415 2205 533 2289 legatis
563 2226 636 2271 eum
667 2203 809 2286 tradere,
842 2202 1029 2269 Alexandro
1058 2210 1188 2271 tantum
1209 2206 1309 2272 fuisse

183 2308 389 2391 tradendum,
411 2307 495 2372 nulli
515 2308 581 2372 alii.
614 2305 678 2372 Sed
691 2307 748 2389 qui
770 2307 936 2390 explicant
956 2307 1017 2390 illi,
1040 2307 1129 2391 quod
1144 2308 1309 2393 Harpalus

184 2412 286 2477 evasit
309 2431 348 2474 ex
371 2410 518 2476 custodia
539 2430 605 2474 non
625 2407 843 2473 Demosthene
862 2408 989 2473 invito?
1011 2408 1082 2474 fieri
1104 2431 1169 2476 non
1189 2411 1309 2496 potuit,
1353 2448 1355 2456 π

184 2514 264 2596 quin
276 2518 452 2595 augeretur
462 2511 642 2576 Alexandri
653 2511 703 2576 ira
713 2509 775 2574 hac
789 2508 908 2594 agendi
920 2511 1056 2576 ratione.
1078 2510 1152 2578 Non
1165 2514 1309 2579 traditur

182 2614 352 2698 Antipatri
374 2619 407 2678 et
429 2614 631 2698 Olympiadis
653 2612 786 2696 legatis3
818 2633 890 2677 eum
913 2612 1111 2678 custoditum
1131 2616 1182 2699 iri,
1206 2617 1308 2681 donec

181 2718 307 2802 legatos
335 2716 521 2783 Alexander
549 2717 619 2801 ipse
648 2716 811 2796 mitteret,
847 2715 1047 2799 respondent
1074 2716 1306 2802 Atheniensem

182 2840 241 2904 per
257 2819 397 2904 speeiem
413 2819 447 2883 in
458 2820 588 2884 vincula
603 2818 784 2901 coniicitur,
806 2819 844 2881 ut
855 2817 967 2901 paullo
981 2824 1057 2904 post
1071 2819 1189 2885 evadat
1199 2841 1305 2904 neque

182 2921 284 2986 ullam
305 2942 443 3005 poenam
455 2921 510 2986 det
522 2920 717 2986 Alexandro.
749 2918 902 3002 Objectat
913 2920 1043 3002 quidem
1053 2923 1158 2988 multa
1169 2923 1306 2990 erimina

182 3023 393 3088 Demostheni
406 3023 596 3111 Hyperides,
619 3023 677 3088 sed
698 3022 839 3087 multum
861 3026 971 3086 tamen
985 3023 1124 3090 interest
1133 3026 1221 3090 iuter
1236 3025 1306 3109 ejus

182 3130 216 3191 et
236 3125 394 3190 Dinarchi
415 3127 604 3210 orationem,
636 3146 736 3209 quum
762 3124 962 3190 calumnioso
990 3127 1055 3192 isto
1078 3133 1111 3192 et
1131 3127 1305 3193 inhonesto

181 3229 356 3295 accusandi
377 3249 494 3314 genere
515 3249 650 3313 prorsus
673 3249 708 3293 se
730 3227 905 3310 abstineat,
934 3234 972 3294 ut
994 3229 1083 3295 credi
1104 3251 1170 3296 non
1191 3231 1306 3316 possit,

182 3353 255 3396 eum
281 3351 371 3397 mera
401 3331 571 3396 mendacia
599 3330 783 3416 protulisse.
828 3328 867 3394 cf.
890 3328 975 3395 Plut.
1004 3331 1305 3399 vit.Dem.c.12:

182 3428 266 3497 ὥστε
289 3470 332 3480 -
352 3430 531 3518 ὁμολογεῖν
560 3433 676 3499 δὲκαὶ
700 3430 776 3507 τούς
803 3429 1122 3519 ἀπεχθανομένους,
1151 3430 1204 3500 ὅτι
1224 3434 1306 3521 πρὸς

182 3531 320 3612 ἔνδοξον
348 3533 463 3610 αὐτοῖς
490 3532 680 3620 ἄνθρωπον
711 3530 840 3618 ὁάγών
870 3534 948 3600 ἐστι·
971 3536 1029 3599 καὶ
1058 3536 1123 3625 γάρ
1146 3534 1306 3625 Αἰσχίνης

184 3637 242 3701 καὶ
263 3634 443 3726 (Υπερξὶὃης
464 3632 607 3703 τοιαῦτα
630 3633 709 3721 ὑπὲρ
729 3636 836 3701 αὑτοῦ
851 3640 1117 3726 κατηγοροῦντες
1126 3634 1307 3729 εἰρήκασιν.

184 3739 307 3806 Narrat
335 3739 517 3824 Hyperides
549 3745 608 3819 (or.
637 3741 671 3804 in
701 3738 791 3803 Dem.
818 3761 844 3805 c.
876 3739 909 3821 5)
940 3740 1131 3808 Gnosionem
1159 3744 1305 3828 aliosque

183 3897 301 3904 ———
345 3897 386 3903 --—

251 3978 272 4049 ¹)
291 3978 335 4032 Ps.
355 3978 427 4032 Plut.
446 3983 497 4034 849
514 3978 548 4031 F.
566 3976 684 4031 fabulam
700 3981 791 4029 narrat
808 3976 841 4030 de
858 3977 958 4046 libello,
981 3981 1008 4034 in
1026 3997 1079 4051 quo
1096 3981 1206 4036 crimina
1222 3981 1307 4036 multa

185 4061 372 4118 Demosthenis
389 4063 416 4117 in
434 4081 462 4120 sc
480 4063 661 4136 conscripserit
678 4060 839 4135 Hyperides.
