3190 5002
748 353 961 444 —344

291 545 430 638 tatibus¹
445 547 637 637 impeditam
668 549 892 635 quaestionem
914 572 965 616 me
989 551 1164 634 explanare
1185 569 1282 633 posse
1304 545 1412 613 crede-

291 675 377 738 rem;
399 654 434 719 id
454 659 584 720 tantum
606 675 713 720 meum
733 675 803 719 esse
825 654 986 736 arbitror,
1009 654 1089 737 quid
1112 653 1151 718 de
1173 651 1337 737 Hyperide
1359 672 1411 716 ac-

291 762 442 823 cusatore
468 755 681 841 judicandum
711 756 755 822 sit
777 758 957 840 exquirere.
999 755 1164 839 Harpalus
1187 777 1285 839 opum
1306 753 1411 837 regia-

290 865 369 926 rum
393 866 427 925 et
455 859 654 926 tributorum
682 864 792 926 custos
820 859 987 944 Babylone
1010 859 1223 942 constitutus,
1252 879 1325 922 cum
1346 855 1411 921 fide

291 963 397 1028 fracta
420 984 497 1046 opes
520 962 582 1028 sibi
605 962 793 1029 commissas
814 963 848 1028 in
871 984 964 1028 suum
986 984 1082 1027 usum
1097 961 1298 1046 sumpsisset,
1321 958 1380 1025 auf
1401 1000 1412 1009 -

210 1059 211 1064 ’
291 1065 340 1149 git
363 1087 402 1129 ex
423 1066 503 1130 Asia
525 1067 684 1150 correptis
707 1066 852 1149 quinque
874 1065 1006 1130 milibus
1036 1065 1197 1130 talentum
1220 1070 1253 1130 et
1274 1063 1411 1146 triginta

289 1168 426 1234 navibus
457 1169 650 1251 conquisitis
678 1189 745 1233 una
774 1191 847 1233 cum
877 1191 933 1235 sex
962 1167 1094 1233 milibus
1115 1167 1412 1233 mercennariorum

290 1270 447 1354 militum,
476 1271 674 1354 simulatque
703 1270 926 1337 Alexandrum
956 1271 1151 1336 incolumem
1178 1292 1217 1336 ex
1238 1269 1334 1334 India
1363 1290 1412 1334 re-

293 1372 364 1436 dire
395 1373 528 1438 audivit.
560 1367 718 1439 'Athenas
749 1396 819 1439 sese
850 1376 991 1440 contulit
1019 1395 1154 1458 sperans
1177 1374 1247 1438 fore
1268 1379 1307 1438 ut
1328 1395 1348 1437 a
1370 1372 1413 1437 ci-

197 1525 200 1532 ,
289 1473 393 1557 vibus,
418 1495 499 1556 quos
512 1475 709 1541 liberalitate
725 1482 757 1542 et
772 1477 939 1542 beneficiis
955 1477 1018 1543 sibi
1032 1477 1243 1561 obligaverat,
1266 1474 1412 1541 infidam

290 1575 500 1659 reciperetur.
553 1576 616 1642 Sed
651 1585 782 1662 praeter
820 1601 910 1662 spem
943 1581 1060 1645 cecidit
1090 1603 1151 1645 rea.
1194 1580 1411 1644 Athenienses

290 1679 402 1761 veriti,
432 1700 474 1743 ne
503 1700 661 1766 occupare
687 1682 787 1747 vellet
813 1682 927 1748 urbem
956 1681 1052 1768 (Din.
1074 1683 1116 1765 Π,
1145 1685 1182 1747 4:
1212 1677 1251 1748 ὃν
1278 1676 1409 1769 ᾔσθεθ’

290 1775 385 1860 ἥκειν
401 1782 686 1866 καταληψόμενον
702 1782 764 1863 τήν
778 1785 917 1869 πόλιν),
940 1785 1119 1850 Philoclem
1140 1807 1240 1850 unum
1263 1805 1280 1848 e
1303 1784 1412 1849 decem

290 1883 542 1967 imperatoribus
568 1885 783 1970 jurejurando
806 1889 999 1973 adegerunt,
1036 1911 1077 1953 ne
1105 1908 1178 1952 eum
1208 1909 1280 1953 cum
1310 1888 1414 1952 classe

290 1985 325 2050 in
347 1989 479 2067 portum
506 1987 617 2053 invehi
640 1989 846 2074 permitteret
876 1991 1111 2075 (Din.111,2:
1142 1988 1282 2080 φάσκων
1304 1987 1412 2054 κωλύ-

290 2107 361 2151 σειν
381 2081 546 2172 ’Ἅρπαλον
568 2088 616 2166 εἰς
638 2090 697 2157 τὸν
718 2093 860 2178 Harpen}
884 2095 1130 2174 surcularium,
1152 2091 1341 2181 στρατηγὸς
1354 2088 1413 2180 ὑφ’

271 2261 275 2270 ¹
290 2185 380 2272 ὑμῶν
402 2187 455 2252 ἐπὶ
477 2189 541 2269 τήν
561 2191 756 2280 Μουνυχίαν
774 2197 835 2260 καὶ
850 2195 892 2260 τοὶ
905 2194 1026 2283 νεώρια
1041 2200 1358 2282 κεχειροτονημένος,
1371 2233 1414 2242 -

291 2291 348 2354 καὶ
380 2288 594 2378 ἐπιωρκηκώς
622 2290 662 2360 ὃν
690 2294 818 2380 ὤμοσεν
846 2293 949 2386 ὅρκον
977 2297 1105 2383 μεταξύ
1135 2299 1194 2363 τοῦ
1224 2293 1323 2373 ἕδους
1354 2297 1414 2360 καὶ

293 2394 353 2470 τήν
377 2393 578 2479 τραπέζης).
622 2398 830 2483 Quapropter
852 2401 1016 2488 Harpalus
1046 2403 1204 2487 expositis
1226 2403 1268 2468 ad
1290 2403 1412 2467 Taena-

288 2515 361 2558 rum
382 2499 643 2578 promontorium
665 2503 767 2587 oopiis
789 2504 947 2571 auxilium
969 2507 1148 2590 implorans
1163 2506 1413 2572 Atheniensium

288 2618 355 2662 una
385 2603 514 2664 tantum
542 2623 623 2668 nave
652 2603 806 2671 advectus
835 2614 868 2673 et
895 2610 929 2674 in
957 2615 1091 2694 portum
1121 2612 1327 2675 intromissus
1353 2615 1412 2675 est.

288 2698 404 2765 Subito
431 2700 532 2786 legati
567 2701 726 2772 venerunt
753 2708 794 2774 ab
816 2710 993 2795 Antipatro
1021 2719 1055 2777 et
1083 2712 1274 2798 Olympiade
1295 2715 1413 2796 repeti-

288 2803 356 2866 turi
387 2802 568 2888 Harpalum
595 2808 773 2892 eademque
802 2811 842 2877 de
872 2835 969 2880 causa
999 2814 1146 2881 Athenas
1176 2839 1245 2882 sese
1275 2816 1413 2881 contulit

290 2904 498 2972 Philoxenus.
542 2908 602 2974 His
631 2911 729 2977 rebus
757 2935 883 2980 summa
913 2921 1123 2984 commutatio
1156 2919 1244 2984 facta
1273 2924 1322 2994 est
1344 2919 1412 2984 aui·
1488 2938 1491 2945 ·

288 3027 430 3089 morum;
460 3013 493 3074 et
515 3010 571 3093 qui
593 3009 748 3079 favebant
771 3015 870 3082 rebus
892 3019 1109 3086 Macedonicis
1133 3027 1165 3088 et
1188 3022 1244 3106 qui
1267 3021 1413 3105 corrupti

288 3114 384 3173 erant
405 3147 448 3158 -
469 3131 510 3175 ne
533 3112 662 3180 detecta
690 3117 865 3202 largitione
888 3143 1027 3204 poenam
1050 3124 1167 3190 darent
1187 3164 1229 3173 —
1252 3147 1325 3190 eum
1347 3131 1412 3190 tra·

288 3210 429 3277 dandum
459 3233 528 3278 esse
557 3225 763 3285 censuerunt.
775 3222 799 3309 1)
842 3222 1078 3292 Demosthenes
1107 3249 1191 3293 uuus
1221 3229 1411 3293 adversatus

287 3317 353 3395 est3
390 3315 555 3381 decretum
584 3320 680 3406 tulit,
716 3329 754 3388 ut
781 3324 947 3409 Harpalus
976 3330 1010 3392 in
1040 3331 1170 3395 vincula
1198 3331 1413 3396 coniiceretu'r

286 3415 421 3500 opusque
451 3439 528 3503 opes
558 3420 593 3484 in
615 3444 689 3490 arce
712 3425 963 3514 deponerentur,
987 3431 1090 3495 donec
1111 3433 1290 3499 Alexandri
1312 3434 1413 3517 legati

285 3537 359 3582 eum
380 3526 576 3604 repeterent.
622 3524 708 3611 Opes
731 3538 939 3616 exponuntur
961 3532 996 3596 in
1014 3532 1162 3619 theatro,
1186 3537 1264 3602 civis
1279 3537 1412 3620 quidam

353 3653 374 3723 ¹)
392 3655 426 3709 cf.
451 3656 550 3728 Eysell.
574 3659 593 3712 l.
618 3660 637 3715 l.
661 3680 690 3732 p.
716 3669 764 3720 35:
793 3666 864 3732 ,Jam
890 3686 972 3738 quum
997 3671 1173 3726 Athenienses
1196 3673 1297 3727 consilii
1318 3673 1412 3744 inopes

284 3735 395 3793 haerent
412 3747 439 3795 et
452 3743 559 3815 ancipiti
573 3747 705 3802 sententia
717 3750 856 3818 fluctuant,
876 3761 993 3810 oratores
1006 3757 1148 3828 ceterique,
1168 3759 1214 3830 qui
1227 3759 1292 3814 emti
1300 3758 1412 3831 pecunia

284 3821 404 3894 Harpalo
422 3829 571 3883 consultum
588 3831 736 3903 voluerant,
761 3837 850 3894 subito
868 3842 976 3896 mutatis
993 3843 1112 3914 partibus
1137 3845 1232 3900 acriter
1249 3846 1277 3899 in
1294 3863 1355 3898 eum
1372 3843 1411 3896 in-

283 3907 430 3977 vehuntur,
455 3922 605 3971 metuentes
628 3917 666 3972 illi
690 3921 799 3992 quidem
822 3943 856 3979 ne
880 3926 984 3982 detecto
1007 3929 1172 4001 corruptelae
1196 3931 1304 3985 crimine
1322 3930 1412 4001 justae

283 3992 524 4092 legumnvindiotae
554 4004 709 4071 tradantur,
740 4009 893 4082 civibusque
918 4015 1046 4082 suadent,
1077 4023 1108 4069 ut
1129 4016 1320 4072 Macedonibus
1339 4016 1413 4089 justa

284 4083 436 4152 petentrbus
454 4103 488 4139 ne
505 4089 697 4145 adversentur!
