3190 5002
662 342 876 445 ...23¹-

209 554 346 641 perfecit
377 553 555 620 Aeschines
592 573 699 637 neque
727 559 837 619 tamen
867 571 1006 639 poenam
1036 551 1167 637 effugit3
1202 556 1335 618 senatus

209 660 295 725 enim
333 658 582 745 Areopagiticus
615 680 651 724 re
683 658 852 723 intellecta
892 655 1139 740 comprehendit
1170 655 1335 721 hominem

209 763 372 845 mortique
404 761 538 827 addixit.
587 761 636 825 De
674 767 837 846 tempore,
871 781 935 842 quo
966 758 1029 824 hoo
1061 759 1184 825 factum
1219 759 1264 824 sit
1295 757 1335 824 cf.

210 864 414 948 Droysenum
435 866 469 928 in
493 863 573 928 diar.
596 864 681 928 stud.
704 865 830 947 antiqq.
852 883 881 926 0.
906 862 988 926 1839
1010 885 1041 947 p.
1065 861 1136 926 719.
1158 863 1230 928 817.

291 967 375 1032 Erat
387 967 428 1032 lis
435 967 710 1032 inveteratainter
716 967 932 1031 Athenienses
942 969 975 1028 et
983 964 1103 1046 Delios,
1118 966 1202 1029 utris
1210 964 1335 1030 reditus

207 1069 326 1136 fierent
347 1069 580 1155 propriumque
603 1074 688 1134 esset
709 1068 867 1153 templum
889 1067 1051 1152 Apollinis
1073 1067 1173 1148 Delii,
1203 1072 1335 1150 recepto

207 1172 360 1255 Philippo
387 1173 422 1236 in
444 1171 719 1255 Amphictyonum
746 1193 916 1236 numerum
938 1169 1097 1234 Phocensi
1125 1168 1211 1234 bello
1239 1169 1334 1235 finito

208 1275 251 1340 ad
272 1274 413 1340 foederis
443 1275 547 1338 socios
565 1275 725 1358 judicium
753 1274 944 1339 detulerunt
965 1272 1052 1336 Delii
1073 1279 1243 1356 sperantes
1265 1272 1335 1339 fore

207 1383 244 1442 nt
252 1377 437 1462 Philippus,
452 1398 469 1442 e
482 1377 575 1461 cujus
582 1378 752 1442 voluntate
762 1382 868 1441 totum
878 1375 1020 1459 pendere
1029 1373 1118 1439 haud
1126 1374 1334 1459 ignorabant,

208 1479 270 1545 sihi
292 1479 499 1562 adjudicaret
520 1480 688 1562 templum.
732 1479 801 1543 Hac
831 1480 871 1543 de
901 1499 1000 1543 causa
1021 1476 1208 1560 Aeschines,
1238 1500 1335 1562 quem

209 1603 333 1648 summo
355 1582 478 1647 honore
494 1583 582 1665 apud
603 1603 712 1666 regem
735 1603 805 1648 esse
827 1577 916 1646 haud
937 1581 1085 1664 ignotum
1107 1585 1189 1663 erat,
1212 1581 1335 1646 electus

207 1690 257 1750 est
279 1705 299 1750 a
320 1685 443 1769 populo
467 1685 671 1768 Atheniensi,
700 1684 757 1749 sed
778 1685 920 1768 rejectus
942 1684 1054 1766 paullo
1077 1687 1154 1764 post
1172 1683 1213 1748 ab
1235 1683 1334 1748 Areo·

206 1786 338 1871 pagitis,
369 1807 426 1851 seu
456 1787 543 1869 quod
573 1786 776 1852 offenderent
796 1788 831 1850 in
853 1786 975 1851 auxilio
1004 1784 1046 1850 ab
1075 1807 1113 1851 eo
1135 1785 1335 1869 Antiphonti

206 1889 275 1954 lato
298 1887 353 1974 (of.
375 1888 531 1954 Philostr.
560 1889 633 1953 vitt.
662 1889 755 1971 soph.
784 1889 809 1952 I.
834 1890 884 1971 18,
905 1890 940 1968 4)
962 1926 1006 1936 -
1028 1909 1225 1972 quamquam
1247 1889 1334 1954 inter

207 1997 382 2073 utramque
411 2011 479 2055 rem
501 1992 658 2076 temporis
681 1990 807 2074 aliquid
834 1989 987 2055 interfuit
1008 2027 1050 2038 -
1071 2012 1129 2055 seu
1151 1991 1238 2074 quod
1261 2011 1335 2056 eum

208 2092 294 2177 regis
317 2091 460 2158 favorem
482 2093 588 2176 pluris
618 2094 782 2160 facturum
804 2114 874 2158 esse
897 2098 1077 2176 censerent,
1100 2114 1198 2176 quam
1220 2093 1336 2178 populi

206 2196 417 2261 voluntatem.
461 2196 622 2262 Idunum
653 2202 792 2279 constat,
822 2198 966 2280 legatum
988 2217 1059 2260 esse
1080 2197 1279 2280 Hyperidem
1302 2201 1336 2263 et

206 2317 404 2381 quamquam
433 2297 474 2364 de
503 2304 620 2364 eventu
649 2300 808 2364 orationis
839 2299 924 2363 nihil
952 2298 1112 2363 traditum
1134 2303 1194 2381 est,
1223 2288 1353 2364 tamen'

206 2401 323 2465 coniioi
345 2406 465 2483 potest,
488 2421 560 2464 earn
583 2423 649 2466 non
671 2402 816 2466 caruisse
831 2402 919 2467 felici
930 2405 1057 2484 eventu,
1081 2422 1153 2466 cum
1165 2400 1215 2465 01.
1228 2403 1300 2485 111,
1312 2403 1338 2467 2

205 2502 293 2568 Delii
322 2503 437 2585 templi
469 2502 617 2567 dominos
644 2503 746 2568 fuisse
767 2502 985 2568 Athenienses
1016 2508 1175 2588 appareat
1197 2525 1224 2568 0.
1247 2502 1280 2568 0.
1302 2504 1333 2569 J.

206 2625 254 2689 gr.
278 2604 327 2669 ed.
349 2605 491 2670 Boeokh.
514 2627 545 2669 n.
570 2605 641 2689 159,
672 2605 700 2669 si
727 2605 823 2670 modo
855 2604 936 2668 haec
962 2605 1134 2688 inscriptio
1164 2605 1333 2672 Euseneto

205 2707 364 2772 archonte
386 2707 475 2772 facta
497 2714 555 2772 est.
578 2708 617 2774 01.
634 2707 775 2772 Boeokh.
789 2711 852 2772 aot.
872 2706 962 2772 acad.
979 2707 1086 2772 Berol.
1098 2728 1127 2772 a.
1144 2709 1227 2772 1834
1237 2729 1269 2791 p.
1280 2709 1332 2774 20.

289 2808 404 2874 Eidem
433 2810 501 2875 fere
523 2810 664 2895 tempori
693 2811 744 2874 vel
766 2810 878 2893 paullo
901 2810 1062 2893 superiori
1083 2809 1260 2876 tribuenda
1282 2817 1333 2877 est
1423 2831 1427 2842 ·

205 2911 383 2996 Hyperidis
417 2914 523 2978 oratio
551 2912 633 2998 πρός
657 2912 803 2988 Θασίους
831 2911 870 2978 cf.
892 2913 1011 2977 Kiessl.
1039 2914 1060 2976 l.
1091 2914 1111 2977 l.
1140 2935 1171 2996 p.
1194 2913 1257 2978 216
1280 2934 1329 2997 sq.

206 3013 332 3079 Sohaef.
355 3014 421 3080 11.
444 3015 509 3097 lp.
534 3015 604 3079 135.
627 3018 656 3079 6.
700 3014 938 3098 Disceptabant
960 3014 1071 3080 Thasii
1094 3021 1128 3080 et
1148 3015 1333 3081 Maronitas

206 3117 246 3182 de
269 3115 397 3200 Stryme
420 3117 552 3203 oppido,
582 3117 776 3182 Thasiorum
807 3118 945 3201 colonia,
976 3123 1009 3183 01
1030 3117 1246 3184 Athenienses
1267 3141 1334 3186 una

205 3239 278 3284 cum
293 3218 423 3284 Thasiis
446 3221 618 3304 repentino
641 3220 766 3306 impetu
787 3218 850 3284 hoc
872 3219 991 3304 oppido
1007 3221 1108 3303 potiri
1124 3221 1331 3306 studuerunt,

205 3321 262 3386 sed
283 3343 366 3387 vano
389 3328 509 3387 conatu
531 3323 593 3388 hoo
615 3323 760 3407 aggressi
783 3327 868 3386 sunt.
900 3321 980 3388 Jure
1002 3323 1168 3406 vituperat
1189 3323 1331 3390 Boeokh.

205 3429 268 3488 act.
291 3425 380 3489 acad.
402 3425 509 3490 Berol.
533 3447 561 3489 0.
585 3426 679 3508 1832,
703 3424 790 3508 quod
800 3423 1027 3508 Athenienses,
1050 3426 1107 3508 qui
1128 3427 1241 3511 paullo
1254 3433 1331 3492 ante

204 3630 269 3684 Diu.
288 3629 312 3694 I,
332 3635 374 3684 64.
393 3629 467 3683 Plut.
488 3629 568 3683 Dem.
589 3647 611 3682 0.
632 3632 673 3683 14.
702 3629 820 3682 Boeokh.
840 3637 890 3682 001.
910 3630 984 3682 acad.
1003 3630 1092 3683 Berol.
1112 3649 1136 3684 0.
1157 3632 1223 3684 1832
1240 3648 1267 3700 p.
1288 3633 1330 3697 21,

204 3719 442 3786 a.1834p.12sqq.
462 3715 629 3786 Antiphonte
640 3733 694 3767 11011
707 3721 912 3768 commemorato
924 3715 1093 3785 repudiatum
1106 3733 1160 3769 esse
1171 3715 1331 3769 Aeschinem

203 3809 313 3855 narrant
335 3800 493 3872 Apollonius
517 3817 636 3870 prooem.
661 3801 688 3853 in
713 3801 809 3854 Aesch.
837 3819 863 3872 p.
890 3804 930 3868 14,
955 3801 999 3853 Ps.
1025 3801 1097 3853 Plut.
1117 3805 1167 3857 840
1185 3801 1208 3854 Ε
1226 3806 1277 3856 850
1294 3801 1329 3868 A,

204 3887 284 3940 Phot.
309 3886 367 3941 cod.
388 3889 446 3941 266.
482 3887 525 3940 De
542 3884 680 3939 Aeschinis
703 3887 821 3940 oratione
844 3885 954 3940 Deliaca
978 3886 1011 3940 cf.
1035 3886 1154 3940 Boeokh.
1180 3893 1229 3940 act.
1255 3887 1329 3941 acad.

204 3972 293 4026 Berol.
313 3991 337 4026 0.
358 3975 439 4036 1834;
465 3989 523 4026 00111
541 3971 648 4036 editam,
673 3971 734 4026 licet
751 3990 805 4026 non
823 3977 925 4026 oratam
943 3989 999 4026 esse
1017 3973 1155 4028 contendit
1172 3972 1285 4046 Veterus
1303 3973 1330 4028 in

206 4057 283 4112 Jahn.
302 4057 390 4113 annal.
409 4075 434 4111 0.
454 4061 520 4114 1850
537 4075 564 4133 p.
585 4060 634 4112 100
652 4075 710 4133 sqq.
