3190 5002
649 392 693 406 .,
735 353 776 422 39
819 391 862 402 .-

200 535 263 618 μὲν
273 519 417 611 δύναμιν
429 526 678 615 συστησάμενος
686 534 756 614 ete,
768 527 906 595 Pausan.
916 529 1003 595 VIII.
1015 529 1066 613 52,
1079 529 1108 595 5.
1118 530 1213 597 Diod.
1221 530 1324 598 XVII.

96 666 100 676 ·
202 638 271 702 106.
296 636 366 700 111.
387 632 506 699 XVHI.
530 635 584 717 a),
607 638 739 698 auctore
761 639 799 698 ut
818 633 948 700 videtur
960 633 1135 718 Hyperide,
1159 635 1216 718 qui
1238 635 1325 700 hunc

200 739 376 804 exercitum
401 738 565 812 dimittere
588 736 788 802 dissuaserat
810 737 850 802 cf.
872 736 923 802 Ps.
945 737 1031 802 Plut.
1054 760 1086 823 p.
1109 737 1171 802 848
1193 738 1230 802 E.

283 842 414 906 Interea
441 862 552 906 rumor
581 839 728 905 Athenas
756 842 904 925 perlatus
935 846 993 924 est,
1020 842 1193 924 repentina
1220 848 1324 908 morte

198 951 385 1030 correptum
412 965 481 1010 esse
502 943 732 1008 Alexandrum.
776 943 846 1022 Quo
874 965 1004 1008 rumore
1032 950 1176 1010 arrectos
1199 946 1323 1012 animos

199 1050 316 1114 civium
337 1048 465 1132 patriae
487 1047 667 1110 amantium
697 1046 800 1130 magis
824 1047 922 1111 etiam
945 1047 1120 1112 concitavit
1141 1047 1322 1132 Hyperides

198 1151 394 1235 grauissimis
416 1149 521 1214 verbis
543 1149 704 1231 hortatus,
727 1154 765 1213 ut
786 1148 919 1214 tandem
941 1149 1118 1233 aliquando
1129 1151 1323 1234 'quicunque

199 1275 290 1319 arma
311 1253 396 1318 ferre
425 1256 558 1335 possent
587 1257 802 1317 convocarent
833 1273 939 1335 neque
969 1252 1147 1336 quidquam
1178 1259 1322 1338 praeter·

198 1359 376 1438 mitterent,
399 1377 471 1420 cum
493 1376 559 1419 non
580 1355 677 1419 modo
696 1355 736 1418 de
749 1354 953 1420 Athenarum
965 1354 1129 1440 libertate,
1152 1355 1322 1421 sedetiam

198 1460 238 1526 de
260 1465 396 1525 cunctae
410 1457 566 1522 Graeciae
590 1457 695 1522 salute
718 1462 879 1541 ageretur.
924 1456 1019 1522 Solus
1030 1457 1173 1524 Phocion
1190 1479 1322 1542 operam

198 1561 297 1645 dedit,
321 1567 358 1626 ut
380 1562 463 1625 cives
486 1582 506 1624 a
526 1559 613 1624 bello
636 1559 821 1642 incipiendo
845 1559 1049 1643 deflecteret3
1072 1562 1100 1626 is
1120 1562 1206 1627 enim
1223 1561 1322 1626 nimio

197 1667 313 1730 civium
335 1685 466 1729 suorum
489 1667 678 1747 contemptu
700 1662 843 1727 imbutus
861 1663 996 1748 ipseque
1008 1662 1049 1728 ab
1062 1684 1173 1728 eorum
1186 1663 1322 1728 mollitie

197 1767 413 1833 alienissimus
436 1766 527 1830 nullo
548 1765 761 1829 incitamento
784 1786 837 1830 eos
861 1766 903 1830 ad
916 1771 1058 1831 veterem
1074 1767 1211 1850 gloriam
1232 1786 1321 1829 recu·
1404 1809 1405 1816 ι

195 1870 375 1956 perandam
404 1868 555 1950 compelli
582 1889 679 1952 posse
708 1889 901 1950 persuasum
928 1868 1054 1952 habuit,
1083 1889 1186 1951 eoque
1208 1888 1321 1950 paoem

196 1973 325 2037 unicam
347 1971 486 2036 salutem
508 1991 578 2034 esse
608 1974 699 2036 ratus
721 1969 801 2035 belli
829 1970 1016 2036 suasoribus
1040 1972 1244 2036 continenter
1267 1971 1322 2035 ad·

197 2075 396 2141 versabatur.
408 2079 430 2156 1)
482 2073 545 2139 Sed
572 2079 747 2160 postquam
777 2081 884 2139 certus
915 2075 1003 2140 venit
1032 2073 1071 2139 de
1100 2074 1186 2158 regis
1215 2078 1320 2138 morte

197 2177 342 2260 nuntiae,
370 2177 570 2242 Leosthenes
600 2197 666 2242 una
693 2199 766 2242 cum
793 2176 919 2243 Aetolis
942 2176 1153 2243 Doriensibus
1182 2176 1321 2241 Locren·

196 2279 283 2346 sibus
295 2278 516 2345 Phocensibus
528 2279 762 2363 Thermopylas
773 2279 960 2364 occupavit3
983 2279 1040 2362 qui
1051 2279 1215 2362 principes
1227 2283 1322 2344 erant

195 2384 345 2448 factionis
367 2383 545 2468 popularis
574 2383 679 2466 legem
701 2382 886 2465 tulerunt,²)
914 2387 952 2446 ut
974 2380 1084 2447 CCXL
1114 2403 1212 2448 naves
1235 2381 1321 2446 aedi·

196 2484 382 2569 ficarentur,
412 2507 522 2551 omues
552 2485 635 2550 cives
664 2484 752 2549 infra
780 2505 901 2550 annum
929 2484 987 2548 XL
1018 2489 1159 2549 aetatem
1186 2489 1319 2568 agentes

198 2627 402 2660 r-„ffl

266 2695 285 2760 ¹)
305 2691 453 2761 Utrumque
466 2689 613 2743 orationem
624 2693 794 2759 perorantem
805 2687 867 2742 iacit
879 2687 1028 2758 Dexippus,
1044 2688 1074 2742 C.
1089 2687 1214 2742 Muelleri
1225 2688 1319 2758 fragm.

196 2778 257 2832 hist.
276 2795 317 2848 gr.
336 2777 379 2831 III
396 2794 424 2847 p.
443 2776 588 2832 668-670.
608 2774 640 2827 cf.
661 2773 760 2845 Saupp.
786 2773 879 2845 philol.
904 2773 1035 2844 supplem.
1060 2773 1114 2827 vol.
1132 2772 1146 2824 I
1163 2791 1191 2844 p.
1211 2779 1243 2828 55
1261 2790 1320 2843 sqq.

196 2865 239 2917 Pr.
255 2863 327 2917 Plut.
341 2881 369 2934 p.
388 2867 439 2916 849
451 2862 476 2914 Ε
494 2861 577 2914 tradit
589 2860 727 2931 Hyperide
744 2866 856 2930 rogante
874 2877 998 2913 eoronam
1012 2860 1145 2914 decretam
1156 2876 1212 2912 esse
1223 2857 1318 2924 Iollae,

196 2947 331 3020 Antipatri
351 2947 415 3012 filio,
434 2965 450 3000 a
473 2964 525 3017 quo
548 2964 651 3000 veneno
674 2945 827 2999 interfectus
850 2963 906 3000 esse
929 2944 1065 2998 dicebatur
1087 2944 1250 3010 Alexander,
1274 2944 1321 2997 sed

195 3034 290 3089 falsum
306 3033 357 3087 hoo
375 3050 430 3086 esse
448 3032 614 3087 demonstrat
629 3031 727 3086 Kiessl.
745 3031 765 3086 l.
783 3031 802 3086 l.
821 3049 849 3102 p.
869 3032 928 3088 147.

263 3173 285 3243 ²)
303 3171 385 3228 Diod.
405 3169 457 3226 Sic.
476 3169 580 3224 XVHI.
601 3173 648 3225 10:
665 3172 831 3240 ——l'ypurpar
847 3166 974 3239 ψήφισμα
991 3169 1039 3233 τῆς
1056 3169 1143 3232 κοινῆς
1159 3169 1211 3218 τῶν
1224 3165 1321 3218 Ἑλλά-

196 3260 249 3312 δων
273 3260 426 3328 ἐλευθερίας
450 3262 590 3326 φροντίσαι
613 3257 660 3311 τὸν
683 3259 768 3326 δῆμον
792 3258 836 3310 καὶ
864 3255 913 3316 τάς
935 3260 984 3324 μὲν
1009 3257 1206 3325 φρουρουμένας
1229 3253 1321 3314 πόλεις

195 3345 383 3412 ἐλευθερῶσαι,
401 3345 464 3402 ναῦς
483 3345 510 3396 δὲ
528 3345 724 3414 παρασκευάσαι
746 3341 878 3415 τετρήρεις
895 3348 944 3413 μὲν
960 3341 988 3411 μ’
1006 3339 1120 3412 τριήρεις
1138 3342 1166 3393 δὲ
1185 3339 1218 3407 o',
1238 3358 1320 3412 στρα-

196 3430 323 3487 τεύεσθαι
342 3433 369 3483 δὲ
389 3429 491 3488 πάντας
504 3430 663 3497 Ἀθηναίους
685 3431 746 3490 τοὺς
770 3435 859 3502 μέχρις
876 3432 940 3482 ἐτῶν
956 3429 985 3499 μ’
1004 3431 1047 3480 καὶ
1064 3425 1087 3497 γ’
1104 3432 1153 3498 μὲν
1171 3427 1321 3498 <pedicabo

190 3517 307 3581 Ἀττικὴν
324 3517 551 3588 παραφυλάττειν,
570 3518 619 3576 τοὶς
637 3520 665 3570 δὲ
679 3516 698 3580 ζ’
716 3517 783 3588 πρδς
799 3517 860 3575 τοὺς
876 3515 1034 3586 ὑπερορίους
1053 3521 1191 3584 στρατείας
1202 3517 1321 3584 ἑτοίμους

195 3608 270 3660 εἶναι.
290 3609 422 3674 ἐκπέμψαι
441 3607 468 3658 δὲ
487 3608 609 3675 πρέσβεις
626 3605 687 3664 τοὺς
704 3607 920 3674 ἐπελευσομένους
937 3603 987 3662 τάς
999 3603 1155 3668 Ἑλληνίδας
1173 3599 1260 3661 πόλεις
1278 3603 1321 3656 καὶ

195 3690 355 3754 διδάξαντας
374 3692 415 3746 ὅτι
433 3692 621 3762 καὶπρότερον
643 3696 691 3760 μὲν
709 3691 723 3746 δ
745 3693 828 3760 δῆμος
849 3690 898 3756 τὴν
911 3689 1027 3745 Ἑλλάδα
1045 3692 1135 3742 πᾶσαν
1152 3687 1238 3754 κοινὴν
1256 3687 1335 3740 εἶναι’

194 3783 310 3851 πατρίδα
329 3783 421 3849 κρίνων
437 3782 491 3831 τῶν
504 3778 645 3846 Ἑλλήνων,
663 3779 725 3839 τοὺς
741 3781 786 3832 snt
804 3780 908 3843 δουλεία
921 3780 1157 3848 στρατευσαμένους
1166 3775 1321 3846 βαρβάρους

195 3866 310 3936 ἠμύνατο
330 3866 395 3918 κατὰ
412 3866 553 3922 θάλατταν
571 3869 613 3918 καὶ
629 3868 676 3919 νῦν
694 3868 775 3917 οἴεται
793 3867 846 3917 δεῖν
863 3864 930 3935 ὑπὲρ
947 3867 994 3929 τῆς
1012 3866 1098 3928 κοινῆς
1115 3865 1167 3915 τῶν
1181 3860 1319 3928 Ἑλλήνων

198 3961 326 4022 σωτηρίας
344 3956 387 4005 καὶ
405 3952 509 4022 σώμασι
526 3955 568 4004 καὶ
583 3951 700 4024 χρήμασι
718 3954 760 4003 καὶ
778 3954 854 4004 ναυσὶ
872 3947 1085 4023 προκινδυνεύειν.
1104 3950 1137 4006 cf.
1151 3949 1270 4004 Boeekh.
1284 3948 1318 4004 (le

197 4039 273 4096 inser.
291 4059 352 4095 nav.
372 4058 399 4114 p.
420 4040 452 4096 75
470 4058 527 4110 sqq.
