3190 5002
651 365 863 433 ..ςγ-

197 529 409 623 είσαγγελίαν
431 542 615 603 accusatum
640 559 708 602 esse
731 543 855 621 oenset3
886 539 925 604 de
947 538 1009 604 hac
1032 561 1130 604 causa
1154 540 1224 624 jam
1246 540 1320 607 feci-

197 662 268 708 mus
290 639 397 706 verba.

281 776 395 861 Neque
416 782 526 842 tamen
547 777 699 842 refutatis
722 777 772 842 his
795 778 967 842 sententiis
989 779 1031 843 ed
1053 778 1150 843 finem
1162 779 1321 865 perducta

196 886 246 945 est
268 880 463 965 disputati03
485 886 613 944 restant
636 877 841 964 εἰσαγγελίαι
863 881 1049 964 nonnullae,
1073 881 1112 945 dc
1127 882 1320 964 quibusnon

195 982 311 1066 habeO,
334 981 412 1065 quid
434 981 548 1046 dicam.

280 1119 353 1202 Lys.
375 1118 416 1201 X,
441 1121 475 1182 l:
502 1115 682 1193 Λυσίθεος
705 1113 918 1200 Θεόμνηστον
944 1114 1141 1203 εἰσήγγελλε
1165 1117 1207 1184 τά
1229 1116 1321 1186 ὅπλα

195 1218 470 1309 ἀποβεβληκότα,
494 1219 555 1286 οὐκ
578 1220 654 1298 ἐξὸν
676 1217 781 1303 αἰτεῖ,
805 1221 1024 1306 δημηγορεῖν.
1047 1222 1117 1287 Hoc
1127 1224 1247 1288 crimen
1262 1245 1321 1308 per

197 1317 335 1400 ἔνδειξιν
357 1323 476 1387 deferri
500 1323 626 1388 solebat
647 1324 697 1387 vel
721 1320 926 1407 ἐπαγγελίαν
940 1324 1139 1408 δοκιμασίας
1152 1325 1191 1388 cf.
1207 1325 1318 1391 Meier.

196 1431 229 1490 et
252 1425 397 1489 Schoem.
427 1425 466 1488 de
496 1426 544 1489 lit.
574 1427 641 1490 Att.
671 1447 702 1508 p.
725 1424 798 1506 210,
822 1422 855 1488 Ο.
877 1424 930 1488 Fr.
953 1425 1133 1490 Hermanni
1155 1428 1281 1511 antiqq.
1303 1428 1320 1492 I

195 1534 223 1610 ξ.
247 1528 318 1609 129,
342 1528 455 1591 8-10.
500 1528 615 1592 Aesch.
637 1527 662 1609 Ι,
685 1527 743 1591 29:
775 1528 833 1589 καὶ
855 1524 923 1590 τίσι
947 1527 1105 1612 δεύτερον
1128 1528 1248 1593 άπεῒπε
1271 1529 1318 1610 μή

195 1630 317 1714 λέγειν,·
346 1621 368 1708 ή
390 1627 454 1704 τάς
475 1628 669 1715 στρατείας,
692 1627 790 1716 φησί,
812 1628 859 1708 μή
882 1629 1150 1713 ἐστρατευμένος,
1175 1626 1256 1706 ὅσας
1277 1628 1320 1696 άν

195 1729 285 1818 αὐτῷ
297 1732 570 1816 προσταχθῶσιν,
588 1724 686 1810 ήτήν
697 1727 813 1794 ἀσπίδ’
826 1727 1064 1818 άποβεβληκιδς
1075 1737 1135 1796 etc.
1154 1733 1320 1798 Heffterus

196 1834 235 1898 de
253 1833 324 1918 jud.
347 1832 424 1897 Ath.
436 1856 467 1917 p.
481 1834 554 1914 202,
571 1835 636 1896 n.4
654 1830 886 1916 εἰσαγγέλλειν
902 1855 960 1917 pro
974 1833 1182 1898 ἐνδεικνύναι
1196 1835 1320 1899 dictum

195 1956 266 2002 esse
288 1940 408 2000 censet.

280 2072 364 2155 Hyp.
387 2091 447 2155 pro
477 2070 560 2134 Eux.
585 2090 611 2134 c.
636 2070 691 2134 19:
723 2066 902 2154 Διογνίδης
927 2074 987 2155 μὲν
1010 2071 1068 2134 καὶ
1090 2068 1280 2157 Ἀντίδωρος
1302 2069 1320 2138 ὁ

193 2175 350 2261 μέτοικος
371 2168 648 2257 εἰσαγγέλλονται
670 2168 711 2247 ὥς
740 2171 878 2248 πλέονος
898 2173 1104 2258 μισθοῦντες
1126 2173 1188 2248 τάς
1210 2175 1321 2253 αὔλη-

196 2273 313 2362 τρίδας
327 2270 348 2355 ἢ
359 2273 377 2342 ὁ
387 2271 486 2360 νόμος
499 2273 643 2353 κελεύει,·
655 2274 694 2338 de
706 2275 765 2338 tali
778 2275 848 2358 lege
861 2281 937 2339 ante
945 2275 1142 2358 Hyperidem
1154 2283 1320 2361 repertum

194 2379 279 2445 nihil
303 2382 505 2461 compertum
527 2375 710 2440 habuimus,
753 2373 953 2457 Ἀγασικλῆς
986 2378 1006 2441 δ
1012 2373 1020 2394 ³
1039 2375 1057 2441 ὁ
1079 2376 1115 2440 ἐκ
1138 2377 1320 2463 Πειραιέως

194 2477 247 2547 ὅτι
274 2477 319 2556 εἰς
347 2477 569 2564 Ἁλιμουσίους
599 2475 778 2565 ἐνεγράφη,
800 2475 1010 2556 Εὐξένιππος
1032 2484 1092 2544 etc.
1115 2470 1159 2543 ὧν
1180 2477 1319 2562 οἰδεμία

196 2583 306 2662 δήπου
329 2583 393 2646 τῶν
422 2574 539 2645 αἰτιῶν
567 2578 692 2645 τούτων
719 2578 818 2646 οὐδὲν
841 2591 989 2644 κοινωνεῖ
1012 2583 1058 2671 τῷ
1080 2574 1321 2666 εἰσαγγελτικῷ

195 2684 295 2776 νόμῳ.
326 2683 530 2767 Oonjecturis
550 2683 761 2768 supersedere
779 2684 937 2764 optimum
956 2704 1026 2747 esse
1044 2682 1195 2764 arbitror,
1219 2683 1321 2748 donec

195 2808 298 2853 novae
327 2787 473 2852 rationes
511 2785 686 2867 accedunt3
720 2784 754 2848 id
781 2785 857 2849 inde
887 2785 1102 2870 intelligimus
1138 2784 1320 2849 adhibitam

195 2909 265 2954 esse
289 2885 505 2974 εἰσαγγελίαν
528 2887 569 2952 ad
582 2887 710 2970 delicta,
735 2908 817 2970 quae
839 2909 972 2973 prorsus
988 2886 1203 2952 abhorrerent
1216 2908 1236 2951 a
1250 2888 1321 2970 lege

197 2987 447 3079 εἰσαγγελτικῇ,
478 3012 515 3054 ao
537 2989 677 3054 fortasse
704 2989 864 3071 ejusmodi
892 2985 1123 3075 είσαγγελίαις
1153 2995 1321 3074 permotus

196 3093 343 3159 definivit
366 3092 542 3157 Caecilius:
573 3087 592 3156 δ
623 3092 701 3176 περὶ
732 3093 854 3156 καινῶν
882 3088 1102 3174 άδικημάτων
1132 3090 1323 3156 δεδώκασιν

196 3195 393 3279 άπενεγκεῖν
413 3197 446 3259 οί
467 3193 572 3278 νόμοι.

284 3330 349 3396 Cur
370 3331 575 3414 Aristogiton
597 3330 816 3414 Hegemonem
839 3335 871 3394 et
892 3329 1077 3394 Democlem
1090 3327 1204 3418 [Dum]
1220 3329 1322 3414 XXV,

196 3433 269 3516 45),
305 3440 337 3498 et
367 3431 550 3498 Dinarchus
581 3433 789 3498 Himeracum
827 3430 981 3496 detulerit
1016 3454 1074 3514 per
1108 3426 1324 3516 εἰσαγγελίαν

198 3538 403 3620 ignoramus3
426 3535 512 3600 idern
535 3533 786 3598 existimandum
809 3539 859 3597 est
882 3533 921 3597 de
944 3533 1184 3618 Cephisocratis
1206 3529 1322 3618 εἰσαγ-

195 3635 305 3727 γελίᾳ,
342 3659 439 3720 quam
469 3636 665 3701 Plutarchus
696 3641 925 3700 commemorat
959 3635 1012 3714 (de
1046 3636 1132 3700 adul.
1165 3640 1198 3699 et
1231 3637 1322 3699 amic.

197 3740 292 3806 discr.
317 3764 347 3825 p.
372 3741 412 3804 63
435 3739 477 3820 Ε)
506 3737 674 3817 Λακύδης
702 3740 781 3821 γοῦν
803 3737 821 3803 ὁ
843 3735 1058 3822 Ἀρκεσιλάου
1079 3737 1242 3820 γνώριμος
1262 3735 1323 3799 α’π’

198 3839 421 3926 εἰσαγγελίας
441 3837 603 3926 φεύγοντι
627 3837 727 3919 δίκην
741 3838 998 3927 Κηφισοκράτει
1019 3838 1105 3922 μετά
1129 3836 1323 3903 τῶνᾶλλων

197 3941 301 4028 φίλων
323 3943 551 4028 παρειστήκει.

658 4057 861 4067 --..-.--.ι

1087 4111 1116 4166 5.
