3190 5002
633 479 685 502 ..ι
718 451 757 516 51
801 483 843 500 ..

101 663 103 668 .
129 639 131 646 '
175 644 240 690 non
262 622 525 710 comprehendat,
549 624 678 707 delicta,
702 644 786 706 quae
808 623 935 707 majore
950 628 1026 690 sunt
1048 620 1098 706 iis,
1121 619 1295 705 dequibus

175 729 261 813 leges
290 727 484 792 nominatim
514 726 701 809 statuerint,
733 726 812 808 quid
844 726 924 791 haec
954 747 1024 792 esse
1047 726 1203 807 dicamus,
1232 723 1297 788 nisi

131 850 134 856 ·
174 829 436 895 extraordinaria
464 835 564 912 atque
593 828 775 912 inscripta?
805 827 913 912 Atque
943 851 1015 894 cum
1045 827 1204 912 ejusmodi
1227 845 1297 892 esse

174 932 352 999 contendat
373 938 486 998 orator
508 953 547 996 ea
568 931 699 1014 delicta,
730 951 869 1013 quorum
898 937 1070 996 accusatur
1092 931 1133 995 ab
1156 951 1193 995 eo
1216 928 1296 994 Leo·

175 1041 293 1119 crates,
324 1034 452 1101 deletus
483 1039 592 1100 autem
612 1034 655 1098 sit
676 1032 852 1098 Leocrates
874 1055 933 1118 per
961 1028 1190 1119 εἰσαγγελίαν,
1217 1031 1299 1097 haec

176 1139 241 1204 dici
263 1143 373 1223 potest
398 1133 591 1223 εἰσαγγελία
618 1132 783 1223 εἰγριίφων
812 1131 1050 1220 οἰδικημοίτων’.
1096 1133 1161 1199 Sed
1190 1155 1299 1200 errare

175 1241 255 1305 mihi
280 1241 410 1306 videtur
437 1240 488 1304 vir
516 1239 740 1304 doctissimus:
779 1259 838 1322 per
869 1233 1086 1324 εἰσαγγελίαν
1114 1235 1300 1326 προδοσίας

175 1349 348 1409 accusatus
372 1349 422 1408 est
443 1342 628 1407 Leocrates.
658 1340 696 1405 Id
718 1341 901 1405 luculenter
930 1341 1036 1406 elucet
1059 1361 1075 1404 e
1097 1344 1125 1421 ξ.
1149 1341 1206 1405 59:
1229 1335 1300 1420 ἥξει

177 1443 204 1508 δ’
230 1444 308 1521 ἴσως
331 1443 382 1509 ἐπ’
411 1445 537 1511 ἐκεῖνον
559 1443 619 1509 τδν
649 1433 751 1528 λόγον
773 1441 970 1529 φερόμενος,
999 1438 1037 1508 δν
1059 1439 1151 1528 αὐτῷ
1173 1442 1299 1526 σνμβε·

174 1546 373 1634 βουλεύκασί
400 1570 489 1622 τινες
518 1547 582 1611 τῶν
610 1541 815 1631 συνηγόρων,
851 1541 893 1620 ὠς
926 1542 1133 1632 οὐκὲνοχός
1162 1545 1231 1610 ε’στι
1261 1541 1301 1634 τῇ

177 1645 354 1734 προδοσία·
379 1645 453 1714 οὔτε
476 1645 541 1734 γοίρ
565 1646 706 1735 νεωρίων
730 1648 843 1733 κύριος
864 1643 939 1712 οὔτε
964 1648 1075 1714 πυλῶν
1098 1645 1173 1714 οἰίτε
1196 1668 1300 1730 στρα-

177 1750 327 1816 τοπέδων
348 1749 428 1816 οὔθ’
450 1747 535 1826 ὅλως
558 1749 622 1815 τῶν
645 1752 702 1826 τῆς
724 1747 848 1826 πόλεως
864 1747 1008 1824 ου’δενός.
1031 1748 1094 1832 ε’γοί
1110 1747 1141 1814 δ’
1152 1746 1301 1834 ἡγοῦμαι

177 1851 253 1927 τούς
263 1857 324 1936 μὲν
342 1853 469 1920 τούτων
483 1847 609 1938 κυρίους
619 1853 717 1939 μέρος
740 1849 782 1918 ἄν
804 1876 837 1917 τι
860 1853 1043 1937 προδοῦναι
1066 1853 1126 1930 τῆς
1138 1849 1302 1938 ὑμετέρας

178 1954 367 2042 δυνάμεως,
404 1955 540 2022 τουτονὶ
570 1954 599 2021 δ’
629 1949 711 2031 ὅλην
748 1950 893 2020 ἔκδοτον
927 1954 1065 2034 ποιῆσαι
1100 1952 1164 2032 τήν
1192 1952 1301 2021 πόλιν.

176 2057 367 2123 Praecidere
411 2059 521 2123 studet
564 2041 675 2122 orator
719 2056 914 2122 defendendi
956 2056 1173 2142 praesidium,
1218 2056 1300 2140 legis

178 2159 276 2225 verba
298 2161 337 2225 de
359 2160 547 2245 proditione
569 2160 612 2224 ad
634 2181 688 2224 eos
710 2164 840 2224 tantum
868 2161 1044 2244 pertinere,
1077 2158 1195 2243 quibus
1218 2180 1301 2224 com·

178 2262 278 2327 missa
307 2263 351 2328 sit
373 2284 392 2327 a
414 2263 535 2347 populo
566 2261 645 2328 urbs
667 2263 718 2328 vel
750 2263 922 2328 castellum
944 2268 1004 2328 ete.
1048 2261 1133 2341 Quid
1155 2257 1232 2327 inde
1253 2261 1301 2326 in-

177 2364 381 2449 telligimus?
405 2362 634 2448 εἰσαγγελίαν,
657 2366 685 2430 si
706 2367 862 2431 instituta
884 2366 928 2430 sit
948 2365 983 2430 in
997 2364 1120 2430 crimen
1131 2363 1166 2430 in
1175 2363 1302 2449 legibus

177 2467 371 2532 nominatim
400 2489 466 2532 non
489 2473 785 2551 commemoratum,
816 2490 883 2533 non
911 2469 1014 2534 fuisse
1037 2471 1158 2533 καινοῦ
1181 2463 1301 2546 α’δική-

177 2591 294 2654 ματος,
323 2569 381 2634 sed
403 2569 602 2654 applicatam
625 2591 695 2636 esse
718 2570 760 2635 ad
782 2576 905 2635 certam
927 2570 1009 2654 legis
1031 2575 1168 2653 partem.
1203 2568 1303 2653 Cujus

179 2671 228 2737 rei
258 2671 552 2738 luculentissimum
583 2679 632 2737 est
663 2674 857 2756 exemplum,
888 2672 975 2755 quod
1004 2672 1174 2738 moechum
1203 2671 1304 2756 Lyco·

177 2771 338 2858 phronem
367 2775 532 2840 accusavit
561 2775 729 2860 Lycurgus
757 2798 816 2860 per
844 2771 1061 2859 εἰσαγγελίαν
1092 2771 1304 2850 καταλύσεως

179 2876 239 2940 τοῦ
269 2874 386 2958 δήμου.
437 2877 604 2943 Accedant
635 2900 718 2962 quae
754 2880 908 2962 leguntur
936 2877 972 2941 in
1001 2877 1098 2942 inser.
1133 2897 1205 2941 nav.
1232 2875 1303 2941 XV.

177 2977 255 3043 XVI
278 2979 340 3043 103
362 3000 409 3062 sq.
439 2978 580 3044 Boeckh.
609 2980 649 3044 de
678 2981 774 3046 inser.
797 3002 869 3045 nav.
891 3003 923 3065 p.
945 2978 1017 3044 534.
1063 2977 1303 3066 Cephisodorus

178 3080 337 3146 debuerat
366 3087 568 3147 armamenta
596 3081 707 3166 lignea
735 3083 845 3148 decem
874 3082 1066 3166 triremium,
1096 3104 1179 3166 quae
1208 3082 1305 3148 fratri

177 3183 292 3249 heredi
303 3182 451 3269 Sopolidi
470 3185 606 3250 reddere
625 3206 706 3269 opus
729 3191 817 3267 eret3
841 3205 971 3250 oausam
994 3186 1145 3270 exposuit
1163 3184 1305 3251 Boeokh.

178 3287 200 3351 l.
222 3287 244 3350 l.
267 3311 297 3371 p.
320 3289 393 3352 212.
415 3289 492 3370 2133
520 3294 649 3374 partem
679 3287 782 3353 debiti
811 3288 909 3354 solvit
931 3309 979 3373 eo,
1011 3289 1098 3371 qnod
1119 3287 1306 3373 respublica

179 3408 352 3473 remorum,
369 3411 449 3473 quos
459 3389 754 3475 posseditSopolis,
769 3391 912 3476 pretium
921 3390 1102 3457 deducebat
1120 3391 1307 3476 depecunia

180 3489 300 3558 debita.
350 3491 525 3558 Decretum
556 3499 606 3559 est
635 3514 655 3557 a
683 3498 815 3558 senatu:
855 3493 913 3558 ὲοίν
943 3495 980 3560 δὲ
1016 3496 1047 3558 οἱ
1071 3495 1135 3559 τῶν
1163 3489 1306 3578 νεωρίων

179 3591 338 3682 ἄρχοντες
354 3596 385 3660 oi
403 3594 456 3682 ἐφ’
477 3592 634 3679 Ἡγησίου
657 3592 814 3680 ἄρχοντος
829 3593 1095 3682 παραλαβούσης
1107 3597 1164 3676 τῆς
1177 3592 1306 3683 πόλεως

179 3695 258 3774 τούς
286 3699 414 3774 κωπέας
438 3697 486 3781 μή
517 3697 766 3786 οἰναγρσίφωσιν
789 3693 836 3774 εἰς
858 3698 921 3776 τήν
944 3696 1085 3780 στήλην,
1108 3691 1132 3776 ἢ
1154 3695 1171 3764 ὁ
1195 3721 1304 3784 γραμ-

176 3795 303 3883 ματείς
333 3805 397 3865 τῶν
428 3795 550 3866 ἕνδεκα
581 3799 627 3883 μη“
652 3797 823 3892 α’πολείφη
854 3797 925 3866 οίπὸ
948 3801 1007 3866 τοῦ
1029 3791 1226 3888 ὀφλήματος
1248 3801 1307 3866 τοῦ

176 3900 385 3978 Σωπόλιδος
407 3900 446 3968 τὸ
470 3901 667 3988 γιγνόμενον
689 3905 754 3967 τῶν
778 3903 916 3968 κωπέων
928 3904 1018 3968 κατοί
1031 3903 1073 3966 τοὶ
1088 3903 1304 3991 ἐψηφισμένα

179 4005 218 4094 τῇ
227 4004 342 4096 βουλῇ,
362 4003 524 4092 ὀφειλέτω
542 3998 682 4080 ἕκαστος
694 4003 1065 4093 αὐτῶνΧΧΧδραγμοίς
1080 4007 1126 4090 τῷ
1143 4007 1306 4095 δημοσίῳ,

178 4107 237 4169 καὶ
251 4104 412 4181 ὑπόδικος
428 4103 515 4170 ἴστω
523 4105 707 4174 Σωπόλιδι
721 4109 781 4171 καί
798 4109 871 4184 τοῖς
880 4107 1083 4184 Σωπόλιδος
1098 4104 1235 4185 οἰκείοις
1250 4109 1308 4184 τῆς

1069 4211 1100 4266 40
