3190 5002
637 359 838 428 ,5-

170 535 353 602 Dinarchus
365 555 451 616 vero,
473 540 541 598 tum
558 534 644 618 quod
658 536 752 598 anxie
769 557 802 599 se
819 535 861 600 ad
873 535 1097 601 Demosthenis
1112 537 1301 620 exemplum·

171 639 440 720 conformaverat,
463 641 533 702 tum
557 639 644 721 quod
660 641 823 704 orationes
847 640 916 723 ejus
938 640 972 703 in
988 638 1106 704 celebri
1122 639 1296 724 Harpalica
1381 723 1384 731 Ι
1411 667 1415 674 ·

172 763 270 807 causa
292 742 426 806 habitae
449 742 543 807 suut'.
570 742 616 806 Ut
639 763 738 807 unum
754 747 891 808 'tantum
904 743 1067 827 proferam
1083 748 1197 808 contra
1211 742 1296 806 hanc

170 845 469 909 ratiocinationem:
489 845 689 910 Dinarchum
711 846 745 909 in
763 845 1015 911 Demosthenem
1037 846 1201 910 invectum
1224 866 1293 910 esse

171 969 236 1012 non
265 947 383 1012 mirum
415 953 481 1030 est,
514 949 601 1031 quod
627 947 724 1012 rebus
755 947 967 1013 Macedonum
997 948 1146 1031 fauebat,
1177 948 1295 1012 idcirco

170 1052 279 1132 potius
302 1050 482 1135 Hyperides
506 1051 683 1114 servandus
706 1044 793 1133 er'at,
823 1053 878 1133 qui
900 1051 1123 1135 gravissimam
1146 1053 1179 1115 in
1199 1070 1297 1123 causa

169 1153 344 1236 Harpalica
372 1175 544 1237 personam
575 1154 748 1237 sustinuit,
780 1174 977 1236 quamquam
1000 1154 1122 1217 amicus
1151 1153 1214 1217 fuit
1235 1153 1296 1216 De-

172 1256 335 1320 mostheni
357 1257 526 1340 eidemque
545 1258 633 1340 parti
655 1256 814 1320 addictus
974 1233 979 1255 ¹

255 1360 447 1424 Instituenti
463 1358 544 1424 mihi
555 1359 729 1442 Hyperidis
744 1360 1004 1442 vitamtraotare,
1017 1365 1193 1443 antequam
1211 1359 1291 1422 ulte-

170 1462 236 1525 rius
258 1462 485 1548 progrederer,
514 1483 619 1546 pauca
641 1461 746 1526 dicere
769 1461 872 1524 visum
895 1468 945 1527 est
968 1462 1007 1526 de
1030 1462 1087 1545 iis,
1112 1463 1168 1544 qui
1192 1463 1232 1526 de
1256 1482 1293 1526 eo

173 1564 384 1649 scripserunt.

254 1666 381 1731 Primus
412 1668 552 1732 occurrit
580 1667 796 1751 Hermippus,
825 1667 881 1748 qui
910 1666 945 1730 iu
974 1667 1080 1731 altera
1109 1668 1213 1751 operis
1244 1667 1294 1732 sui

170 1776 263 1854 parte
288 1771 366 1854 περὶ
390 1771 454 1835 τῶν
475 1769 511 1834 ἐν
534 1767 674 1852 ιιιιιδιίᾳ
691 1767 964 1852 διιιλιιμψάνιων
986 1792 1062 1833 eum.
1080 1769 1295 1833 iutcrlsocra-

171 1879 241 1936 teos
253 1871 355 1935 refert
372 1872 411 1935 cf.
430 1871 468 1935 fr.
481 1871 759 1936 LXX—LXXIII.
790 1870 965 1954 (Lozyusld
985 1871 1025 1934 ed
1036 1871 1151 1954 fragm.
1164 1871 1297 1952 Herm).

173 1974 269 2039 Facio
293 1996 365 2038 cum
379 1974 494 2038 Kiessl.
518 1998 549 2059 p.
574 1975 645 2056 150,
669 1975 725 2056 qui
747 1973 1102 2059 utrumqueHermippi
1125 1973 1296 2037 deEuthia

170 2075 387 2160 fragmentum
410 2097 448 2140 ex
463 2075 638 2161 Hyperidis
660 2077 728 2141 vita
745 2076 949 2160 depromtum
968 2098 1038 2140 esse
1061 2081 1180 2161 censet,
1207 2075 1295 2158 quod

170 2184 343 2262 utrumque
359 2178 401 2243 ad
417 2178 567 2262 Phrynae
582 2201 734 2265 causam,
747 2199 846 2261 quam
855 2178 1036 2263 Hyperides
1052 2178 1128 2262 egit,
1151 2178 1296 2262 pertinet

169 2301 275 2363 neque
297 2287 465 2363 praeterea
481 2281 620 2346 Euthias
641 2283 727 2345 inter
742 2281 922 2346 Isocrateos
942 2301 1080 2363 usquam
1095 2287 1295 2344 numeratur.

169 2382 207 2447 cf.
220 2381 372 2466 Sennegii
389 2383 517 2447 dissert.
541 2384 557 2447 I
571 2383 610 2448 de
626 2383 739 2448 schola
752 2384 916 2448 Isocrateo
932 2405 963 2466 p.
980 2384 1020 2448 28
1036 2388 1101 2448 not.
1124 2382 1296 2465 Hermippi

150 2484 426 2568 'fragmentorum
458 2506 576 2548 novum
600 2484 745 2554 ordinem
775 2486 929 2569 proponit
951 2485 1004 2550 Fr.
1027 2483 1231 2549 Nietzschius
1260 2485 1294 2547 in

171 2607 251 2650 mus,
273 2586 376 2651 Rhen.
400 2607 427 2650 a.
452 2587 552 2669 1869,
574 2609 605 2670 p.
631 2589 691 2656 189
714 2607 784 2670 sqq.

253 2688 471 2754 Vehementer
483 2689 717 2774 deplorandum
741 2694 800 2771 est,
825 2689 911 2771 quud
925 2688 1073 2771 Dionysii
1088 2688 1293 2753 Halicarnas-
1364 2707 1365 2711 ’

169 2792 272 2856 sensis
305 2791 388 2856 liber
418 2792 457 2855 de
488 2792 649 2876 Hyperide
686 2792 727 2856 ad
756 2813 815 2856 uos
846 2813 911 2856 nou
941 2792 1134 2876 pervenerit.
1186 2790 1222 2854 A.
1255 2789 1293 2854 G.
1386 2855 1389 2861 ,

168 2893 349 2975 BeckeruS,
385 2895 507 2977 proleg.
537 2895 578 2958 ad
607 2894 740 2977 Dionys.
772 2898 845 2980 περὶ
874 2893 992 2960 δεινότ.
1022 2894 1137 2958 transl.
1167 2913 1293 2958 vernae.

169 3015 200 3077 p.
215 2996 256 3058 28
272 3016 343 3078 sqq.
360 2995 556 3077 conjectavit
575 3019 614 3060 ex
630 3017 678 3078 eo,
703 2996 790 3079 quod
801 2997 976 3079 Dionysius
991 3017 1121 3060 suorum
1137 2996 1293 3060 librorum
1406 3063 1409 3070 ,

168 3118 403 3181 usquequaque
433 3097 515 3163 hene
538 3119 659 3164 memor
680 3098 857 3183 Hyperidei
885 3098 924 3162 ed
946 3098 1118 3162 Aeschinei
1147 3099 1293 3182 opusculi

168 3219 336 3281 nunquam
358 3201 566 3281 recordatur,
596 3202 756 3285 cogitasse
779 3200 909 3283 quidem
939 3201 977 3264 de
1006 3201 1164 3285 peculiari
1193 3219 1293 3282 opera

169 3301 326 3385 Hyperidi
349 3309 382 3366 et
403 3303 556 3368 Aeschini
577 3302 759 3367 oratoribus
777 3302 1004 3385 impendenda,
1028 3303 1084 3368 sed
1107 3304 1173 3395 sive
1196 3323 1292 3386 opere

170 3403 327 3468 historico
355 3404 422 3468 sive
445 3405 531 3469 vitae
560 3405 756 3470 necessitate
785 3404 984 3488 prohibitum
1007 3425 1090 3486 esse,
1120 3406 1291 3486 quominus

168 3506 336 3588 promissis
352 3508 473 3570 staret'.
501 3507 592 3572 Hanc
608 3509 828 3592 conjecturam
844 3504 1019 3590 aliquando
1041 3505 1292 3589 probabiliorem

168 3607 240 3672 fieri
269 3613 379 3672 censet
406 3608 522 3673 Kiessl.
552 3633 583 3694 p.
616 3610 699 3692 152,
730 3607 817 3692 quod
845 3611 878 3674 in
905 3608 1028 3693 judicio
1060 3609 1099 3673 de
1129 3608 1291 3673 Dinarcho

168 3711 292 3775 multus
321 3710 364 3774 sit
394 3713 428 3775 in
450 3711 614 3796 Hyperide
637 3735 710 3777 cum
741 3713 813 3776 aliis
844 3710 1028 3777 oratoribus
1059 3711 1290 3793 componendo.

167 3811 315 3894 Uterque
335 3813 384 3876 vir
406 3815 520 3884 doctus
542 3821 708 3899 permotus
730 3836 800 3878 esse
820 3814 963 3896 uidetur,
987 3821 1024 3878 ut
1046 3815 1094 3877 ita
1115 3813 1288 3896 judicaret,

168 3915 433 3980 extremisuerbis
442 3919 590 4001 opusculi
602 3919 677 4001 περὶ
701 3914 910 3994 ὃεινότητοςι
934 3918 1058 3990 ταῦτα,
1082 3920 1106 3978 ui
1129 3913 1287 4003 κράτιστε

168 4015 318 4100 Ἀμμαῖε,
343 4013 489 4106 γράφειν
510 4017 640 4104 εἴχομέν
661 4041 714 4084 σοι
738 4020 815 4104 περὶ
832 4019 889 4098 τῆς
906 4019 1150 4102 Λημοσθένους
1164 4018 1288 4095 λέξεως.
