3190 5002
648 351 860 418 -.11-

194 524 316 612 templo
327 524 457 609 abrepti
467 521 605 589 Cleonas
616 523 808 612 Argolidis¹)
830 523 929 589 tracti
941 528 1027 608 sunt,
1049 523 1106 589 ubi
1119 523 1316 610 Hyperidem

196 650 279 694 nono
303 627 354 693 die
376 627 610 713 Pyanepsionie
632 629 772 693 occisum
799 648 869 692 esse
897 632 1012 693 narrat
1039 633 1154 693 auctor
1174 629 1316 692 vitarum

195 729 225 795 X
246 735 426 796 oratorum.
470 729 527 796 Six
548 730 637 812 vixit,
670 729 717 794 sic
737 735 885 796 mortuus
908 735 959 795 est
979 729 1170 814 Hyperides,
1195 730 1317 813 ingenii

195 833 238 917 vi,
261 831 465 917 fortitudine,
496 832 691 915 constantia,
720 832 846 897 sincero
874 831 1003 917 patriae
1026 853 1145 917 amore,
1167 831 1317 897 animoa
1410 900 1415 908 ,

194 935 369 1020 largitione
391 935 522 1019 invicto,
552 957 618 1002 non
641 933 767 999 defesso
789 934 940 1020 publicae
963 935 1079 1001 salutis
1101 934 1210 1000 studio
1232 955 1316 1002 unus

195 1061 212 1104 e
233 1038 536 1124 praestantissimis
560 1059 641 1121 quos
664 1037 743 1103 tulit
765 1043 865 1104 aetas.

287 1387 345 1442 DE
366 1387 555 1444 nummo
576 1387 841 1446 ORA'I'IONUM
862 1387 1226 1444 HYPERIDEARUM.

279 1517 327 1582 De
349 1516 536 1583 orationum
557 1539 691 1584 numero
714 1517 755 1584 ab
778 1520 851 1585 aliie
875 1519 941 1585 alia
962 1519 1148 1585 traduntur.
1167 1517 1219 1583 Ps.
1232 1517 1318 1582 Plut.

194 1644 226 1706 p.
249 1620 311 1685 849
333 1620 372 1704 D,
397 1641 492 1703 quem
505 1620 643 1686 Photius
667 1621 849 1706 exscripsit,
872 1621 1024 1687 LXXVII
1042 1622 1217 1703 orationes
1241 1640 1318 1702 qua—

193 1745 266 1789 rum
281 1723 341 1788 LII
352 1723 511 1806 genuinas
524 1744 594 1788 esse
607 1730 727 1808 censet,
739 1723 856 1789 Suidas
869 1724 943 1789 LVI
953 1723 1152 1809 Hyperidem
1165 1721 1319 1786 habuisse

194 1825 298 1891 tradit
309 1845 415 1907 neque
426 1846 501 1891 vero
517 1847 589 1889 oum
597 1824 810 1911 Bernhardyo
824 1826 1047 1911 quidquamin
1060 1825 1112 1891 his
1127 1823 1320 1890 mutandum

195 1933 255 2013 est,
279 1949 351 1993 cum
373 1927 506 2010 utrique
528 1948 594 1992 non
616 1927 729 1992 eodem
751 1935 884 1994 auctore
906 1929 957 1995 usi
979 1930 1078 1994 semel
1100 1932 1231 1992 tantum
1246 1947 1319 1990 con·

194 2036 315 2116 gruant
337 2030 485 2115 Lycurgo
507 2028 568 2094 XV
591 2029 755 2095 orationes
782 2031 976 2098 tribuentes.
1020 2028 1262 2096 Studemundue
1285 2027 1320 2093 in

195 2134 310 2218 diario,
342 2131 430 2216 quod
458 2131 658 2217 inscribitur,
680 2132 825 2198 Hermes'
854 2155 882 2199 a.
906 2135 987 2199 1867
1017 2156 1048 2217 p.
1071 2133 1135 2198 434
1163 2153 1234 2214 sqq.
1264 2151 1321 2195 sex

194 2236 290 2302 affert
311 2234 444 2318 indicae,
467 2235 501 2298 in
525 2234 643 2317 quibus
665 2236 849 2302 orationum
868 2235 910 2302 ab
933 2235 1118 2303 oratoribus
1140 2231 1250 2300 atticis
1264 2230 1321 2296 ha·

194 2339 337 2404 bitarum
350 2337 478 2402 numeri
492 2338 668 2423 perscripti
679 2344 756 2403 sunt
770 2360 890 2424 eosque
905 2340 993 2404 inter
1014 2360 1048 2403 se
1071 2335 1321 2403 consentientes.

195 2439 379 2506 Secundum
400 2439 461 2505 hoe
483 2441 584 2522 igitur
595 2437 711 2505 CLXX
730 2442 892 2506 orationes
906 2441 1065 2527 Hyperidi
1085 2439 1229 2504 tributae
1244 2442 1322 2503 sunt

195 2544 415 2627 antiquitus.²)
444 2540 570 2606 Harum
587 2543 774 2608 orationum
795 2565 836 2608 na
858 2543 994 2609 dimidia
1017 2543 1148 2626 quidem
1170 2545 1321 2624 exparte

264 2714 285 2785 ¹)
302 2713 375 2768 Plut.
400 2713 447 2767 vit.
473 2713 553 2767 Dein.
579 2729 602 2766 c.
627 2716 676 2768 28:
713 2713 790 2772 οὗτος
814 2712 859 2769 οὖν
878 2713 892 2768 ὃ
913 2714 1016 2784 Ἀρχίας
1035 2712 1185 2782 Ὑπερείδην
1209 2715 1257 2780 μὲν
1274 2709 1321 2763 τὸν

195 2799 294 2872 ῥήτορα
312 2802 355 2852 καὶ
367 2795 542 2870 Ἀριστόνικον
559 2798 606 2854 τὸν
617 2797 803 2870 Μαραθώνιον
821 2800 928 2855 καὶτὸν
946 2804 1102 2871 Δημητρίου
1119 2801 1166 2850 τοῦ
1180 2799 1322 2866 Φαληρέως

195 2887 312 2957 ἀδελφὸν
320 2887 450 2957 Ἱμεραῖον
461 2889 591 2957 ἐνΑὶγίνῃ
605 2884 805 2956 καταφυγόντας
816 2891 861 2942 ἐπὶ
872 2888 902 2942 cri
915 2887 1034 2942 Αἰάκειον
1042 2883 1200 2940 ἀποσπάσας
1206 2879 1321 2953 Ιἔπεμψεν

196 2978 233 3034 εἰς
249 2973 376 3028 Κλεωνὰς
392 2972 459 3041 πρὸς
478 2971 662 3042 Ἀντίπατρον·
683 2973 757 3026 aduri
774 2973 976 3047 διεφθάρησαν,
996 2974 1149 3044 Ὑπερείδου
1168 2974 1195 3023 δὲ
1214 2973 1258 3022 καὶ
1274 2967 1321 3036 τὴν

195 3062 313 3130 γλῶτταν
330 3061 497 3130 ἐκτμηθῆναι
516 3061 642 3126 λέγουσιν.
667 3061 710 3115 De
728 3062 814 3114 excisa
831 3061 963 3134 Hyperidi
979 3060 1070 3130 lingua
1082 3060 1143 3131 jure
1154 3056 1320 3122 Plutarchus,

195 3156 225 3203 ut
241 3148 355 3212 videtur,
380 3146 501 3210 dubitat;
527 3145 587 3198 fleta
611 3152 651 3199 est
673 3146 738 3200 haee
760 3147 852 3200 fabula
875 3147 909 3200 ab
928 3146 974 3211 eis,
1000 3164 1113 3217 quorum
1138 3144 1266 3198 intererat
1282 3142 1322 3196 in·
1406 3195 1408 3202 ,

191 3234 276 3305 jurias
288 3231 503 3286 aMacedonibue
511 3230 617 3285 Graecis
634 3231 721 3285 illatae
738 3232 844 3285 cumulo
856 3249 963 3302 augere.
982 3231 1134 3285 Secundum
1143 3227 1323 3300 Hermippum

196 3318 329 3389 Hyperidi
346 3319 373 3371 in
390 3316 576 3371 Macedoniam
601 3317 680 3370 ducto
695 3317 791 3382 ¹ancisa
815 3324 855 3372 eet
878 3317 968 3387 lingua
990 3316 1099 3387 ejusque
1123 3332 1227 3386 corpur,
1250 3320 1322 3385 poet·

196 3421 276 3474 quam
294 3402 455 3474 aliquamdiu
478 3402 646 3456 inhumatum
659 3403 752 3473 jacuit,
771 3402 1009 3474 perPhilopithem
1026 3401 1159 3456 medicum
1169 3401 1197 3454 in
1205 3400 1323 3454 Atticam

195 3495 373 3542 transvectum
391 3487 480 3559 ibique
498 3488 532 3541 ab
550 3487 678 3559 Alphino,
704 3487 848 3560 Hyperidis
872 3487 1032 3561 propinquo,
1057 3486 1190 3557 sepultum
1208 3492 1257 3540 est.
1276 3486 1321 3538 Pe.

194 3573 338 3629 Plutarcho
357 3574 477 3628 Corinthi
495 3605 526 3612 —
545 3591 599 3626 non
618 3572 722 3626 eleonis
740 3603 771 3614 -
790 3575 860 3629 inter
877 3579 1011 3628 tormenta
1028 3571 1188 3642 quaestionis
1204 3571 1322 3642 linguam

196 3660 247 3715 eibi
265 3659 389 3714 dentibus
406 3659 564 3732 praecidisse
581 3658 669 3729 ipsum
688 3658 854 3731 Hyperidem
872 3661 1014 3732 probatum
1032 3656 1115 3711 nihilo
1132 3664 1223 3711 tamen
1240 3655 1323 3709 secius

196 3747 319 3818 primam,
339 3763 419 3816 quam
436 3744 593 3798 Plutarchus
611 3743 702 3810 tradit,
721 3744 906 3820 ¹narrationem
924 3763 978 3798 non
995 3744 1109 3815 ignorat.
1132 3761 1160 3814 p.
1180 3747 1230 3799 849
1249 3742 1269 3796 O
1287 3741 1321 3796 of.

197 3833 270 3886 Plut.
289 3831 337 3886 vit.
356 3832 439 3885 Phoc.
458 3849 481 3884 c.
501 3834 543 3885 29.
563 3829 678 3884 Pausan.
696 3831 720 3884 Ι.
739 3836 765 3897 8,
785 3836 810 3887 3.

267 3953 288 4024 2)
307 3950 449 4022 Sauppius‚
475 3952 516 4004 cui
533 3956 639 4004 tantum
657 3950 739 4004 schol.
759 3951 793 4006 ad
810 3950 907 4005 Aesch.
926 3949 965 4017 H,
985 3953 1017 4006 18
1034 3956 1128 4004 notum
1145 3956 1211 4014 erat,
1230 3947 1268 4001 ibi
1287 3946 1322 4010 οξ

199 4037 366 4094 scribendum
384 4054 439 4092 ease
458 4044 547 4092 censet
563 4053 612 4107 pro
631 4035 680 4106 po‘.
