3190 5002
731 305 941 366 ...513-

278 474 356 540 edit.
384 473 467 559 Hyp.
496 495 541 539 or.
570 495 630 558 pro
659 474 736 559 Lye.
766 481 799 540 et
827 474 909 540 Eux.
937 496 969 559 p.
991 475 1034 538 40
1060 496 1132 539 eum
1160 475 1398 560 Babingtonem

278 599 403 642 errasse
426 582 566 660 censeat,
589 580 644 661 qui
666 600 738 642 eum
749 577 862 641 Anaea
878 577 947 659 illa,
970 598 1053 660 quae
1065 578 1143 642 urbs
1154 578 1250 644 Samo
1272 581 1399 646 insulae

280 682 432 764 opposita
453 680 527 763 furt,
550 680 724 744 oriundum
736 679 927 761 arbitratur,
952 681 1040 762 quod
1060 681 1092 744 h.
1115 681 1136 744 I.
1155 704 1258 767 pagus
1270 684 1399 748 Atticus

280 783 478 866 requiratur,
501 785 656 868 proponit
679 779 879 859 ὁΑὶξωνεός
901 783 951 846 vel
972 780 1168 860 Ἀνακαιεύς
1188 786 1240 849 rel
1262 779 1399 856 ὁΞυπε-

281 880 390 952 ταιοίν.
435 885 498 949 Sed
520 905 644 950 summo
669 887 745 968 jure
766 891 877 948 monet
897 885 935 948 A.
959 885 1150 952 Sohaeferus
1170 887 1268 952 Jahn.
1290 889 1399 956 annal.

278 991 340 1056 vol.
370 987 508 1054 LXVIII
535 1010 567 1072 p.
596 987 639 1052 35
666 989 874 1072 peregrinum
900 987 1148 1055 Atheniensium
1187 991 1301 1056 ducem
1331 1012 1400 1057 esse

277 1115 343 1158 non
365 1091 537 1156 offendere.

365 1193 554 1258 Theotimus
578 1189 596 1258 ὁ
618 1191 762 1273 Σηστόν
785 1191 967 1268 οίπολέσας.
990 1193 1166 1277 01.104,4
1187 1195 1400 1279 penesAthe-

280 1299 408 1363 nienses
435 1296 535 1360 fuisse
565 1294 650 1358 hano
678 1295 791 1360 urbem
821 1301 958 1379 apparet
981 1317 997 1360 e
1020 1296 1110 1359 Dein.
1140 1297 1177 1380 L,
1202 1299 1258 1380 173
1287 1299 1400 1383 paullo

279 1407 355 1484 post
384 1398 425 1462 ab
447 1397 611 1480 Abydenis
641 1404 674 1461 et
703 1397 802 1481 Cotye
829 1405 997 1480 occupata,
1028 1399 1085 1463 sed
1115 1398 1166 1463 Ol.
1189 1401 1260 1483 106,
1290 1403 1310 1464 3
1333 1402 1402 1464 ed

279 1508 411 1588 recepta
438 1506 488 1564 est
520 1499 719 1581 aCharete3
749 1501 838 1563 Deru.
861 1499 980 1584 XXIII,
1011 1502 1087 1566 153:
1114 1501 1148 1565 ἐκ
1177 1501 1242 1586 γάρ
1269 1497 1401 1590 Ἀβύδου

280 1609 337 1683 τῆς
368 1602 428 1668 τόν
456 1594 594 1668 ίίπαντοι
621 1599 744 1686 χρόνον
771 1602 850 1685 ὑμῖν
878 1602 1018 1688 ἐχθρᾶς,
1047 1606 1106 1667 καὶ
1135 1599 1220 1668 ὅθεν
1250 1591 1339 1683 ήσαν
1367 1606 1400 1669 οἱ

279 1705 425 1787 Σηστὸν
438 1702 701 1792 καταλαβόντες,
723 1702 771 1779 εἰς
784 1703 929 1782 Σηστόν
940 1706 1107 1787 διέβαινεν
1129 1705 1162 1786 (ὁ
1177 1704 1400 1791 Χαρίδημος),

279 1809 318 1878 ὃν
341 1798 408 1895 εἶχε
431 1805 542 1882 Κότυς
564 1807 603 1872 ef.
626 1807 755 1872 Weberi
776 1807 1031 1876 Aristocrateam
1053 1831 1084 1891 p.
1106 1809 1178 1873 452.
1222 1808 1315 1874 Diod.
1339 1807 1401 1872 Sic.

278 1912 365 1993 XVI,
388 1911 445 1973 34:
469 1907 585 1994 Χοίρης
607 1910 643 1973 δέ
667 1907 685 1975 ὁ
710 1912 774 1974 τῶν
790 1907 978 1986 Ἀθηναίων
1000 1913 1189 1993 στρατηγός
1203 1905 1403 1984 εἰσπλεύσας

278 2011 326 2090 εἰς
346 2009 605 2092 Ἑλλήσποντον,
629 2012 686 2075 καὶ
698 2011 842 2090 Σηστόν
863 2009 963 2073 πόλιν
986 2010 1067 2074 ἑλών
1083 2019 1142 2076 ete.
1172 2012 1220 2075 De
1232 2012 1401 2077 Theotimo

279 2139 344 2182 non
366 2114 495 2178 videtur
517 2114 649 2177 aliunde
671 2119 821 2177 constare
844 2112 883 2176 of.
906 2112 1032 2177 Sohaef.
1055 2114 1076 2177 l.
1099 2115 1120 2178 I.
1142 2114 1156 2176 I
1179 2137 1210 2196 p.
1235 2115 1304 2178 136.
1326 2116 1357 2178 4.

362 2215 478 2281 Aeseh.
500 2216 557 2298 ΙΙΙ,
579 2215 630 2279 51.
652 2217 708 2280 52:
737 2208 759 2294 ή
783 2215 825 2278 τοὶ
849 2216 927 2301 περὶ
951 2213 1013 2294 τήν
1035 2214 1277 2301 Κηφισοδότου
1298 2238 1402 2302 στρα-

279 2317 400 2404 τηγίαν
416 2317 542 2382 καὶτὸν
555 2319 618 2382 τῶν
633 2318 713 2383 νεῶν
725 2313 869 2382 ’ἔκπλουν
879 2315 1038 2381 --ου’κ
1053 2314 1268 2397 ὤκνησενοίπ
1282 2315 1402 2402 εἰσαγ-

280 2419 393 2508 γελίας
415 2417 518 2485 αὐτοῦ
537 2420 731 2504 κρινομένου
752 2421 825 2502 περὶ
849 2420 1009 2485 θανάτου
1022 2419 1214 2504 κατήγορος
1226 2420 1402 2503 γενέσθαι.

280 2525 380 2592 schol.
393 2523 434 2588 ad
446 2524 467 2587 l.
479 2523 517 2586 l.:
540 2519 594 2586 ἐπ’
606 2522 765 2608 ἄρχοντος
779 2519 1243 2607 Καλλιμήδους-Ἀθηναῖοι
1258 2520 1404 2604 δύναμιν

278 2621 325 2702 εἰς
345 2623 594 2705 Ἑλλήσποντον
608 2622 801 2708 ἐξέπεμψαν
812 2625 871 2687 καὶ
883 2625 1075 2709 στρατηγόν
1086 2621 1134 2686 ἐπ’
1147 2622 1231 2714 αὐτῇ
1248 2622 1401 2710 Κηφισό-

280 2733 394 2809 δοτον,
415 2723 451 2804 ὃς
472 2726 686 2813 ναυμαχήσας
703 2728 964 2810 Λαμιμακηνούς
988 2720 1196 2810 εἰσηγγέλθη
1219 2722 1260 2799 ὠς
1282 2727 1402 2810 προδε-

280 2829 392 2907 δωκώς
424 2833 484 2895 καὶ
517 2826 774 2906 έθιλοκακήσας
805 2829 864 2891 καὶ
892 2828 955 2894 διοί
982 2824 1106 2892 κακίαν
1140 2824 1304 2906 ἡττηθεὶς
1337 2826 1401 2905 τήν

279 2930 465 3020 ναυμαχίαν
488 2937 548 2997 ete.
571 2931 611 2996 of.
633 2931 723 2996 Dem.
745 2929 865 3014 XXIII,
890 2933 959 2995 167.

363 3035 651 3117 Aeseh.IH,171:
675 3031 792 3098 Γύλων
812 3021 853 3111 ήν
875 3033 911 3096 ἐκ
935 3032 1125 3116 Κεραμέων.
1150 3021 1244 3106 οὗτος
1258 3031 1402 3115 προδούς

279 3139 350 3214 τοῖς
372 3136 543 3222 πολεμίοις
564 3135 750 3224 Νύμφαιον
774 3135 811 3199 τό
834 3135 869 3201 έν
892 3140 936 3224 τῴ
949 3135 1084 3223 Πόντῳ,
1107 3134 1182 3199 τότε
1206 3139 1262 3211 τῆς
1276 3133 1402 3208 πόλεως

279 3237 412 3326 ἐχούσης
430 3239 466 3305 τό
475 3235 596 3325 χωρίον
612 3240 723 3318 τοῦτο,
737 3238 845 3321 (poyeio
859 3235 917 3301 ἀπ’
929 3231 1142 3318 εἰσαγγελίας
1154 3236 1189 3298 ἐκ
1205 3237 1263 3312 τῆς
1275 3220 1402 3310 πόλεως

279 3341 408 3426 ἐγένετο
440 3339 612 3429 [θανάτου
640 3341 948 3421 καταγνωσθέντος
970 3336 1086 3425 αὐτοῦ]
1118 3337 1178 3415 τήν
1210 3337 1315 3422 κρίσιν
1344 3330 1403 3424 οὐχ’

279 3440 457 3527 ὑπομείνας
480 3449 539 3508 ete.
568 3441 723 3507 mendosa
753 3463 822 3508 esse
852 3442 932 3508 haee
960 3440 1069 3522 verba,
1099 3441 1203 3523 primo
1233 3441 1401 3506 oculorum

281 3544 399 3610 obtutu
420 3551 574 3631 apperet3
604 3545 643 3608 ef.
666 3543 804 3610 Bakium
827 3545 861 3608 iu
884 3544 1014 3608 scholio.
1037 3543 1241 3626 hypomnem.
1270 3543 1333 3607 vol.
1356 3539 1399 3606 IV

281 3667 312 3729 p.
339 3647 417 3711 328:
455 3649 500 3730 ,in
531 3647 724 3730 quibusdam
755 3646 848 3712 libris
883 3647 1047 3712 omIttitur
1080 3644 1145 3708 ἀπ’
1180 3639 1400 3730 εἰσαγγελίας.

281 3799 358 3871 petiit
365 3801 524 3870 praesidinm
537 3801 564 3854 in
572 3800 916 3871 defendendoEuxenippo,
931 3817 987 3853 esse
1000 3817 1060 3853 eum
1069 3798 1183 3864 ἰδιώτην,
1197 3817 1252 3854 non
1259 3805 1399 3852 oratorem.

280 3887 363 3954 ἕτερον
380 3889 494 3940 τοιοῦτον
518 3887 607 3941 denuo
624 3885 787 3956 recipiuntur
803 3885 891 3940 verbis
915 3885 966 3937 οὔτ’
991 3887 1065 3938 ἄλλοι
1089 3887 1178 3938 πολλοὶ
1202 3889 1254 3938 τῶν
1272 3885 1402 3952 εἰσαγγελ-

281 3975 403 4043 λομένων.
