3190 5002
744 361 956 429 ..74.„

290 533 455 610 λυθέντος
486 535 543 598 τοῦ
571 536 814 619 στρατοπέδου,
844 531 980 613 τούτους
1010 532 1039 601 τ’
1062 533 1225 603 ἀπολέσαι
1255 539 1312 604 καὶ
1344 553 1413 618 τοῖς

289 635 404 713 ἄλλοις
422 633 581 715 Ἕλλησιν
603 633 762 713 α’πίστους
785 625 870 701 εἶναι
895 641 1007 704 δοκεῖν
1031 639 1088 703 καὶ
1112 638 1314 707 κινδυνεύειν
1335 646 1411 731 περὶ

225 785 228 790 -
289 741 354 806 τῶν
382 736 588 821 ὑπολοίπων,
617 737 693 825 περί
724 762 760 804 τε
783 739 923 825 Λήμνου
952 742 1009 805 καὶ
1029 741 1170 828 Ἴμβρου
1190 745 1247 808 καὶ
1267 743 1412 832 Σκύρου

290 845 346 907 καὶ
362 841 575 929 Χερρονήσου
598 843 658 905 καὶ
669 842 863 926 μελλόντων
876 843 1125 929 στρατεύεσθαι
1139 843 1226 929 ὑμῶν
1241 851 1414 934 πανδημεῖ

289 944 335 1022 ε’ίς
364 970 400 1010 τε
430 941 582 1030 Εὔβοιαν
612 945 670 1008 καὶ
692 941 866 1011 Ὄλυνθον
896 952 955 1012 etc.
998 946 1078 1013 Jure
1106 948 1185 1014 dicit
1219 949 1407 1016 Wittichius

288 1049 309 1112 l.
332 1049 353 1113 l.
376 1072 407 1134 p.
430 1049 472 1112 26
494 1047 578 1112 nihil
609 1047 684 1112 inde
715 1049 880 1131 consequi,
909 1069 982 1114 cnm
1011 1049 1045 1113 in
1068 1049 1119 1115 his
1142 1051 1248 1117 verbis
1280 1053 1320 1118 de
1349 1054 1411 1119 tali

288 1173 398 1216 rerum
427 1155 516 1215 statu
545 1155 673 1234 agatur,
697 1152 803 1234 qualis
832 1149 903 1215 fieri
933 1156 1064 1236 poterat
1086 1153 1143 1218 illo
1166 1159 1321 1239 tempore,
1346 1177 1410 1238 quo

287 1253 507 1339 Apollodorus
529 1253 634 1337 legem
656 1274 748 1319 suam
770 1253 858 1336 tulit,
881 1275 945 1318 non
968 1274 1043 1318 vero
1062 1253 1182 1340 detali,
1206 1257 1313 1340 qualis
1330 1263 1410 1340 erat,

287 1356 321 1421 id
351 1355 438 1438 quod
472 1356 656 1422 luculenter
692 1356 889 1440 intelligitur
922 1377 961 1420 ex
985 1355 1174 1423 ¹enuntiatis
1209 1357 1411 1442 disjunctivis

287 1452 312 1535 ἢ
334 1497 373 1506 -
398 1456 437 1537 ἧς
458 1479 542 1541 ,cum
565 1459 651 1522 enim
674 1458 761 1523 dicat
783 1465 912 1524 orator:
941 1457 998 1523 ubi
1020 1459 1048 1524 is
1070 1465 1142 1525 crat
1162 1481 1272 1547 rerum
1294 1467 1410 1545 status,

287 1567 324 1626 ut
347 1567 405 1627 aut
432 1560 598 1626 vincentes
628 1560 761 1626 maximi
789 1561 904 1626 essetis
925 1562 1012 1625 inter
1034 1559 1185 1645 Graecos
1209 1568 1267 1627 aut
1289 1564 1411 1629 auxilio

287 1685 353 1754 nou
384 1665 453 1728 lato
476 1669 547 1746 etc,
579 1662 619 1727 de
642 1662 763 1727 Lemno
785 1662 884 1746 Scyro
913 1662 1021 1729 Imbro
1051 1663 1253 1730 Chersoneso
1283 1665 1411 1751 pericli-

286 1766 439 1831 taremini
469 1771 568 1848 atque
599 1765 734 1830 cum’in
757 1786 794 1830 eo
823 1771 909 1832 esset
937 1771 1008 1849 etc,
1039 1767 1130 1831 nullo
1159 1766 1255 1833 modo
1277 1767 1411 1852 indicat,
1452 1777 1457 1784 '

286 1875 397 1936 utrum
418 1874 533 1954 postea
555 1867 677 1933 factum
690 1868 743 1951 sit,
766 1868 945 1934 vicerintne
968 1891 1009 1934 an
1028 1870 1233 1953 neglexerint
1255 1879 1303 1953 ea,
1326 1891 1411 1953 quae

286 1971 376 2040 factu
398 1971 581 2036 necessaria
602 1971 713 2035 erant'.

371 2073 417 2138 Ut
439 2094 543 2137 meam
574 2073 769 2138 sententiam
799 2073 973 2157 proferam,
1004 2078 1080 2158 post
1109 2072 1289 2156 Olynthum
1311 2094 1409 2158 expu-

287 2182 420 2261 gnatam
442 2174 492 2240 Ol.
508 2175 612 2258 107,2
633 2175 684 2240 vel
701 2196 738 2239 eo
752 2176 822 2260 ipso
837 2176 887 2240 vel
905 2176 1151 2260 proximo²anno
1164 2174 1410 2260 Lycophronem

287 2279 445 2344 Lemnum
473 2279 606 2343 missum
628 2297 697 2342 esse
719 2297 845 2342 censeo,
890 2277 1063 2342 Timebant
1092 2283 1161 2342 tum
1183 2277 1410 2362 Athenienses,

287 2403 328 2446 ne
350 2381 494 2446 Atticam
515 2381 621 2465 ipsam
643 2378 875 2464 aggrederetur
887 2378 1060 2466 Philippus
1072 2380 1122 2445 vel
1139 2384 1227 2444 certe
1240 2379 1273 2443 in
1285 2380 1409 2445 insulas

286 2483 367 2548 belli
387 2485 543 2568 impetum
566 2487 716 2564 verteret,
742 2503 823 2564 quas
846 2481 873 2547 si
896 2483 1045 2567 cepisset,
1067 2505 1132 2547 non
1154 2483 1257 2547 levem
1278 2483 1409 2567 plagam

287 2591 462 2671 acceptura
483 2591 554 2650 erat
576 2585 690 2649 civitas
713 2584 829 2648 orbata
846 2583 897 2649 his
908 2606 1057 2650 annonae
1072 2584 1244 2670 praesidiis
1261 2590 1294 2648 et
1305 2585 1409 2649 libero

287 2690 385 2754 maris
394 2689 515 2772 Aegaei
522 2711 583 2752 usu
597 2687 737 2752 exclusa.
759 2685 928 2752 Nescimus
943 2687 1056 2770 quade
1073 2708 1170 2752 causa
1183 2685 1409 2772 Cersobleptes

286 2813 344 2855 rex
370 2790 494 2855 bellum
522 2812 594 2855 eum
615 2788 770 2872 Philippo
800 2790 1014 2873 renovaverit,
1035 2789 1098 2854 hoc
1125 2794 1254 2854 tantum
1276 2795 1405 2854 constat

286 2893 321 2957 in
350 2891 543 2958 debellando
571 2912 609 2956 ec
642 2894 835 2974 occupatum
863 2891 1050 2976 Philippum
1080 2891 1180 2977 etiam
1209 2890 1410 2957 Chersoneso

287 2995 497 3060 imminuisse.
529 2991 655 3058 Schaef.
669 2992 689 3060 l.
712 2992 733 3056 l.
756 2993 787 3056 II
809 3016 840 3078 p.
865 2993 926 3058 166
948 2993 1144 3079 suspicatur,
1164 2993 1233 3076 jam
1255 2998 1413 3058 autumno

287 3097 349 3162 347
373 3095 437 3176 (Ol.
462 3096 533 3178 108,
555 3095 591 3182 2)
613 3094 825 3177 Antipatrum
848 3096 981 3161 missum
1004 3117 1074 3161 esse
1095 3098 1130 3161 in
1153 3117 1243 3161 oram
1256 3094 1414 3161 Thraciae

286 3200 459 3282 ipsumque
480 3197 668 3282 Philippum
695 3218 769 3263 vere
798 3198 938 3283 proximi
960 3200 1038 3264 anni
1060 3198 1277 3264 subsecutum.
1323 3197 1414 3263 Tunc

287 3300 523 3365 Demosthenes
546 3300 694 3383 quintam
722 3300 756 3364 in
778 3299 967 3385 Philippum
989 3299 1105 3365 habuit
1127 3301 1316 3384 orationem,
1347 3322 1414 3383 qua

287 3402 446 3486 populum
469 3401 511 3467 ad
533 3402 672 3467 tuendas
694 3401 818 3467 insulas
841 3401 1112 3486 Hellespontique
1133 3401 1232 3468 urbes
1255 3402 1414 3467 excitaret

289 3504 328 3569 cf.
351 3504 481 3588 Dionys
504 3503 608 3568 Halic.
630 3503 673 3568 ad
694 3504 798 3568 Amm.
820 3506 846 3588 I,
869 3526 895 3571 c.
921 3505 977 3569 1οτ
999 3503 1086 3590 μετὰ
1108 3500 1256 3590 ἄρχοντα
1280 3503 1413 3568 Καλλί-

286 3629 410 3692 μαχον,
432 3601 486 3694 ἐφ’
506 3597 547 3670 οὗ
569 3604 631 3681 τοὶς
653 3600 700 3681 εἰς
714 3602 890 3672 Ὄλυνθον
909 3605 1079 3696 βοηθείας
1095 3601 1414 3683 auscultaturu-

288 3711 380 3774 ναῖοι
408 3709 604 3783 πεισθέντες
632 3707 697 3774 ὑπὸ
725 3708 981 3795 Λημοσθένους,
1010 3707 1180 3798 Θεόφιλός
1208 3707 1278 3774 ἐστι
1306 3704 1415 3794 ἄρχων

289 3810 354 3891 (Ol.
386 3811 456 3893 108,
489 3811 539 3898 1),
579 3807 668 3874 καθ’
701 3808 741 3878 ὃν
776 3808 940 3895 ἐκράτησε
975 3813 1036 3889 τῆς
1070 3808 1256 3877 Ὀλυνθίων
1288 3807 1416 3885 πόλεως

291 3911 494 3988 Φιλλιππος.
531 3909 648 3980 ἔπειτα
678 3913 908 3996 Θεμιστοκλῆς
943 3913 1008 4000 (01.
1039 3915 1109 3998 108,
1139 3914 1174 4000 2)
1205 3911 1257 4000 ἐφ’
1287 3905 1327 3979 οὗ
1356 3909 1417 3991 τὴν

290 4011 389 4094 ἕκτην
407 4013 531 4101 (Wolfii
553 4021 586 4080 et
598 4015 728 4081 Morelli
745 4037 846 4099 marg.
870 4016 1032 4101 πέμπτην)
1057 4012 1123 4081 τῶν
1139 4016 1229 4080 rard
1245 4015 1417 4081 Φιλίππου
