3190 5002
742 363 952 428 ‘40-

286 542 480 624 cogerentur
501 556 676 620 eorumque
705 540 830 622 septem
852 535 958 602 tribus
986 536 1020 600 in
1042 535 1184 601 hostium
1206 533 1287 602 fines
1308 533 1405 623 profi·

286 643 495 724 ciscerentur,
517 645 585 705 tres
607 639 649 704 ad
671 641 775 724 ipsam
789 640 930 704 Atticam
939 639 1183 705 ‘defendendam
1195 639 1283 725 domi
1299 662 1407 706 mane-

286 751 369 809 rent.
391 743 443 809 Ad
453 743 705 828 Peloponnesios
716 743 817 827 legati
827 742 1015 826 missisunt,
1034 744 1091 826 qui
1101 763 1155 808 eos
1166 742 1208 807 ad
1220 744 1407 811 societatem

285 847 462 913 ineundam
483 851 721 911 commoverent
742 866 802 910 nec
821 846 927 910 caruit
948 845 1029 911 haec
1042 846 1163 930 legatio
1181 867 1339 911 successu.
1368 848 1407 912 In

286 952 469 1036 legatorum
498 969 633 1014 numero
661 948 725 1014 fuit
746 947 927 1033 Hyperides
950 949 1060 1032 eisque
1082 948 1316 1014 Demosthenes
1337 955 1407 1016 tum

286 1055 361 1120 exul
382 1053 490 1119 adhuc
512 1057 628 1138 sponte
658 1071 718 1116 sua
746 1072 780 1116 se
806 1050 968 1134 adjunxit.
1012 1051 1073 1130 Qui
1102 1071 1174 1116 cum
1203 1051 1408 1136 praeclarum

284 1178 344 1242 pro
367 1153 523 1221 Graeciae
545 1155 651 1219 salute
672 1152 760 1238 apud
788 1152 1041 1236 Peloponnesios
1062 1154 1311 1238 interposuisset
1341 1159 1372 1218 st
1396 1191 1407 1202 ·

285 1259 385 1342 dium,
409 1257 532 1342 etipse
554 1277 628 1321 mox
650 1255 691 1320 ab
712 1247 971 1321 Atheniensibus
987 1256 1022 1321 in
1051 1255 1215 1340 integrum
1236 1258 1407 1322 restitutus

289 1367 339 1427 est
362 1366 395 1426 et
416 1358 599 1444 Hyperides
620 1359 653 1422 in
675 1359 815 1442 gratiam
837 1379 910 1424 oum
931 1379 969 1423 eo
984 1358 1090 1424 rediit.
1119 1357 1192 1424 Non
1208 1359 1312 1425 multo
1333 1365 1410 1444 post

286 1463 422 1546 accidit,
455 1467 493 1526 ut
523 1461 559 1524 in
595 1460 816 1544 oppugnanda
846 1461 960 1526 Lamia
992 1459 1193 1526 Leosthenes
1225 1462 1291 1528 telo
1323 1463 1407 1527 ictus

285 1567 425 1632 caderet.
447 1563 487 1628 In
500 1562 688 1629 memoriam
710 1563 780 1646 ejus
802 1563 981 1628 orationem
1003 1562 1172 1628 funebrem
1194 1565 1327 1629 summis
1349 1585 1408 1649 per

286 1673 391 1734 totam
413 1666 645 1748 antiquitatem
672 1664 824 1730 laudibus
847 1665 1044 1731 celebratam
1065 1664 1204 1730 Athenis
1226 1665 1407 1752 Hyperides

285 1769 438 1850 habuitr)
461 1768 545 1833 Hinc
566 1787 642 1831 vero
664 1767 748 1832 verti
770 1767 849 1833 belli
870 1767 1004 1833 fortuna
1026 1766 1158 1833 Graecis
1180 1771 1297 1853 coepit,
1319 1790 1406 1834 mox—

288 1894 351 1957 que
373 1871 471 1936 finem
491 1870 647 1955 imposuit
667 1867 823 1935 Graeciae
845 1870 993 1935 libertati
1012 1870 1149 1936 viotoria
1169 1870 1212 1936 ad
1224 1870 1406 1937 Cranonem

285 1975 326 2040 ab
337 1975 514 2059 Antipatro
531 1976 708 2058 reportata.
732 1971 814 2039 Tum
832 1994 944 2056 pacem
954 1972 1142 2058 petentibus
1152 1972 1407 2039 Atheniensibus

283 2076 460 2161 Antipater
481 2081 520 2141 ut
540 2079 686 2140 oratores
703 2073 766 2140 sibi
776 2075 955 2158 traderent,
979 2075 1260 2159 quioonoivissent
1274 2074 1406 2159 bellum,

283 2179 466 2262 imperavit.
487 2177 604 2259 ltaque
620 2175 856 2242 Demosthenes
867 2176 1049 2262 Hyperides
1070 2177 1261 2242 Himeraeus
1283 2177 1407 2243 Aristo-

284 2283 376 2346 nicus
406 2280 463 2344 alii
484 2300 524 2344 ex
552 2273 633 2344 u'rbe
662 2279 802 2364 profugi,
832 2299 931 2362 quum
962 2280 995 2342 in
1021 2279 1179 2363 judicium
1206 2280 1313 2345 vocati
1341 2302 1406 2346 non

283 2385 458 2465 venissent,
487 2380 631 2447 Demade
660 2387 796 2466 rogante
824 2380 974 2446 absentes
1005 2382 1121 2466 capitis
1152 2381 1299 2448 damnati
1321 2387 1406 2447 sunt.

282 2486 369 2551 Plut.
397 2485 452 2549 vit.
481 2483 571 2548 Dem.
601 2504 626 2548 c.
656 2485 715 2549 28:
744 2481 761 2550 ὁ
795 2483 903 2568 δῆμος
932 2481 1042 2550 αὐτῶν
1071 2485 1229 2550 θάνατον
1258 2484 1406 2570 κατέγνω

284 2583 448 2672 Δημάδου
483 2585 681 2672 γράψαντος
717 2586 756 2651 cf.
784 2586 913 2650 Arrian.
951 2607 1002 2669 ap.
1029 2587 1123 2652 Phot.
1159 2587 1237 2651 bibl.
1267 2586 1335 2652 cod.
1364 2588 1406 2662 92

285 2714 317 2776 p.
338 2691 380 2754 69
401 2689 461 2753 Bk.
490 2687 616 2753 Schaef.
639 2689 660 2753 l.
683 2689 704 2753 l.
727 2687 923 2773 111p.356.
946 2690 976 2753 2.
1019 2688 1068 2753 Ab
1091 2689 1266 2773 Antipatro
1288 2690 1405 2754 consti-

282 2793 348 2857 tuti
369 2796 446 2856 sunt
476 2795 645 2855 venatores
674 2791 767 2872 quasi
796 2789 926 2853 exulum
955 2787 1236 2876 (φνγοιδοδῆραι),
1271 2793 1327 2873 qui
1347 2813 1406 2876 per

283 2893 405 2979 oppida
430 2893 676 2976 peregrinantes
703 2891 866 2974 viderent,
897 2913 937 2956 ne
967 2893 1040 2975 quis
1070 2913 1182 2957 eorum
1210 2893 1405 2958 Macedonas

283 2994 455 3078 aufugeret
482 2991 608 3080 (Polyb.
631 2991 686 3057 IX.
709 2991 766 3080 29)
795 2993 916 3076 quique
939 3015 976 3059 eo
1004 2995 1198 3060 insolentiae
1220 2995 1405 3079 furorisque

281 3101 527 3184 processerunt,
556 3101 594 3160 ut
621 3096 673 3160 vel
703 3116 723 3160 a
751 3095 883 3160 deorum
913 3096 1094 3162 simulacris
1125 3118 1179 3162 eos
1207 3097 1404 3182 abriperent.

282 3198 519 3266 Demosthenes
548 3218 590 3263 ne
612 3199 702 3263 vivus
728 3199 762 3262 in
784 3197 926 3262 hostium
953 3220 1069 3264 manus
1091 3199 1259 3284 incideret,
1281 3220 1404 3265 veneno

285 3307 416 3385 sumpto
446 3299 509 3366 sibi
530 3301 602 3384 ipse
623 3304 762 3365 mortem
785 3300 956 3383 conscivit3
986 3300 1168 3386 Hyperides
1190 3303 1311 3386 aliique
1333 3301 1365 3368 vi
1387 3323 1405 3367 e

350 3505 372 3577 ¹)
389 3503 472 3560 Diod.
491 3503 544 3558 Sic.
563 3503 667 3558 XVI'H.
688 3506 735 3559 13:
755 3506 882 3572 ταφέντος
901 3503 1102 3576 (Λεωσθένους)
1120 3505 1237 3576 ἡρωικῶς
1255 3506 1299 3558 διὰ
1315 3505 1363 3572 τὴν
1378 3511 1405 3560 ὲν

280 3594 318 3664 τῷ
336 3593 438 3661 πολέμῳ
458 3587 537 3650 δόξαν
555 3589 569 3645 δ
588 3594 636 3659 μὲν
654 3591 739 3658 δῆμος
755 3593 807 3641 τῶν
821 3588 968 3656 Ἀθηναίων
985 3591 1033 3645 τόν
1050 3591 1186 3664 ἐπιτάφιον
1204 3597 1307 3646 ἔπαινον
1325 3596 1404 3645 εἰπεῖν

281 3678 439 3750 προσέταξεν
453 3676 591 3747 Ὑπερείδῃ
615 3679 653 3748 τῷ
677 3675 835 3747 πρωτεύοντι
852 3680 905 3728 τῶν
923 3678 1041 3749 ρητόρων
1063 3684 1096 3750 τῇ
1113 3683 1160 3734 τοῦ
1180 3678 1258 3747 λόγου
1276 3677 1406 3746 δεινότητι

282 3767 325 3817 καὶ
342 3766 373 3839 τῇ
393 3764 459 3816 κατὰ
475 3768 528 3816 τῶν
546 3761 711 3818 Μακεδόνων
729 3761 913 3834 ἀλλοτριότητι
930 3771 981 3820 etc.
1006 3765 1051 3820 ΡΒ.
1070 3766 1142 3821 Plut.
1160 3785 1188 3838 p.
1207 3772 1258 3823 849
1275 3767 1315 3821 E:
1340 3771 1405 3818 ἐκοι-

282 3850 382 3919 νώνησε
400 3853 428 3904 δὲ
447 3853 490 3904 καὶ
506 3855 662 3906 Λεωσθένει
678 3853 725 3932 scir
744 3853 886 3920 Λαμιακοῦ
905 3853 1030 3921 πολέμου.
1049 3852 1122 3907 Plut.
1141 3853 1175 3907 de
1193 3871 1276 3907 amor.
1295 3853 1404 3907 fratem.

283 3941 315 3995 15
332 3956 360 4011 p.
378 3943 430 3995 486
445 3937 489 3992 D:
515 3941 540 3989 cl
557 3939 585 3990 δὲ
602 3943 671 4006 βίοις
686 3936 815 4008 χρεόμενοι
833 3934 1181 4010 διαφόροις-συνεργοῦσιν
1197 3937 1321 4006 ἀλλήλοις
1336 3941 1405 4008 μᾶλ-

281 4027 327 4080 λον
344 4024 379 4086 ὥς
397 4054 428 4064 -
442 4023 596 4096 Ὑπερείδης
613 4026 656 4077 καὶ
673 4027 842 4092 Λεωσθένης.
