3190 5002
753 379 965 444 ...χρῆ

295 567 406 634 nense,
433 545 646 616 Plutarchum
668 549 888 616 Eretriensem
919 551 1090 636 expulsum
1120 550 1172 630 (cf.
1201 549 1327 618 Sohaef.
1356 553 1376 616 l.
1399 547 1418 616 1.

295 653 327 718 Π
348 676 379 737 p.
404 653 453 717 78.
475 655 520 736 3),
543 653 679 720 Zaretra
701 659 897 738 expugnata,
920 652 1127 720 tumstatim
1140 651 1289 718 Perinthi
1312 658 1345 718 et
1359 653 1418 737 By·

295 755 397 820 zantii
419 755 550 820 urbium
572 777 592 820 a
612 755 767 841 Philippo
791 756 998 822 obsessarum
1019 755 1218 821 mentionem
1239 757 1327 820 facit.
1446 839 1449 846 Δ

379 858 603 939 Plutarchus1)
626 858 777 924 Eretriae
788 863 958 943 tyrannus,
974 881 1047 924 oum
1063 858 1181 926 seditio
1197 865 1310 924 exorta
1325 865 1418 942 esset,

293 959 440 1024 Athenas
448 961 548 1043 misit,
562 962 619 1043 qui
626 961 783 1026 auxilium
793 967 962 1046 peterent3
978 983 1176 1045 quamquam
1187 961 1419 1027 Demosthenes

294 1063 493 1127 contradixit
522 1085 562 1128 ne
592 1063 736 1148 ignobile
765 1064 848 1129 illud
869 1069 902 1128 et
929 1069 1155 1148 sumptuosum
1177 1062 1299 1128 bellum
1323 1065 1418 1130 susci-

293 1170 428 1248 peretur
457 1165 660 1248 dissuadens,
690 1171 800 1232 tamen
823 1166 981 1230 auxilinm
1010 1166 1114 1230 latum
1137 1171 1196 1230 est.
1238 1166 1418 1251 Hyperides

292 1263 548 1350 τεσσαράκοντα
586 1266 729 1354 τριήρεις
766 1264 930 1353 ἤθροισεν
964 1263 999 1344 ἐξ
1030 1266 1208 1343 ἐπιδόσεως
1239 1268 1303 1348 (Ps.
1333 1268 1418 1334 Plut.

292 1393 323 1453 p.
347 1370 409 1433 849
431 1369 481 1450 F).
525 1370 772 1453 Demosthenes
801 1369 930 1452 Midias,
962 1369 1020 1434 alii
1046 1369 1081 1433 in
1103 1369 1297 1435 instruendo
1320 1370 1418 1455 hujus

292 1471 510 1555 expeditionis
541 1478 703 1557 apparatu
725 1461 846 1555 largiti
870 1477 947 1536 sunt
971 1472 1075 1552 (Dem.
1097 1470 1185 1554 XXI,
1210 1473 1294 1553 161).
1339 1472 1419 1538 Cum

291 1574 411 1656 reliqui
434 1574 595 1658 Tamynas
625 1574 765 1660 proiecti
795 1575 871 1656 sint,
901 1573 1060 1639 Boeotum
1081 1573 1320 1638 Demosthenes
1340 1575 1419 1640 dicit

294 1673 398 1740 Choas
421 1677 725 1760 agentem·Athenis
746 1677 943 1742 remansisse
966 1675 1069 1755 (Dein.
1092 1674 1242 1760 XXXIX,
1260 1677 1324 1758 16),
1347 1699 1419 1762 pro-

289 1778 394 1842 fectus
425 1785 475 1844 est
504 1780 606 1864 igitur
637 1780 797 1844 exercitus
827 1784 904 1843 ante
935 1778 1007 1843 XII.
1030 1777 1180 1842 Anthest.
1203 1778 1224 1843 i.
1244 1799 1271 1842 e.
1294 1778 1418 1844 ultimis

290 1880 404 1946 diebus
426 1904 526 1947 mens.
549 1881 704 1947 Februar.
728 1903 757 1946 a.
778 1880 851 1946 350.
881 1880 933 1961 (of.
957 1880 990 1945 Ο.
1013 1880 1067 1945 Fr.
1089 1881 1269 1946 Hermanni
1292 1881 1418 1964 antiqq.

289 2003 371 2047 sacr.
394 1989 422 2065 ξ.
447 1985 499 2068 58,
524 1985 576 2065 17)
600 1985 736 2049 ducibus
758 1984 922 2049 Phocione
945 1989 978 2046 et
1000 1981 1181 2064 Hegesileo.
1219 1982 1299 2048 Post
1320 1983 1419 2048 victo·

287 2084 371 2150 riam
393 2086 481 2171 apud
495 2087 657 2169 Tamynas
680 2091 882 2170 reportatam
899 2084 1108 2148 Euhoeenses
1130 2106 1171 2148 ne
1193 2087 1227 2148 in
1241 2084 1418 2149 Athenien·

288 2187 372 2252 sium
405 2194 603 2272 potestatem
637 2189 826 2252 devenirent
861 2191 1044 2252 metuentes
1075 2185 1115 2250 ab
1146 2187 1192 2250 eis
1230 2187 1419 2251 defecerunt

288 2295 432 2374 auctore,
462 2297 500 2355 ut
521 2289 661 2373 videtur,
684 2291 895 2374 Hegesileo.²)
940 2288 989 2352 De
1012 2287 1101 2352 exitu
1122 2288 1202 2354 belli
1223 2311 1288 2354 non
1310 2311 1417 2355 meum

286 2396 337 2456 est
357 2392 485 2475 longius
509 2393 677 2460 disserere.

373 2493 485 2558 Tertia
507 2495 671 2578 expeditio
694 2495 783 2559 facta
805 2500 855 2560 est
878 2493 928 2560 Ol.
955 2495 1027 2576 109,
1049 2494 1081 2576 4,
1110 2498 1149 2558 ut
1177 2492 1265 2558 infra
1287 2491 1416 2558 demon-

287 2595 456 2662 strabitur.
503 2596 583 2662 Cum
606 2597 814 2680 Philistides,
846 2597 903 2680 qui
925 2618 945 2660 a
966 2595 1181 2661 Parmenione
1213 2600 1416 2661 sustentatus

288 2697 364 2764 Orci
387 2721 545 2764 summam
567 2701 693 2785 imperii
715 2697 851 2764 tenebat
874 2703 907 2762 et
920 2697 1116 2780 Clitarchus,
1141 2719 1237 2780 quem
1252 2719 1325 2762 cum
1336 2697 1416 2782 Hip·

284 2800 406 2886 parcho
429 2809 528 2885 atque
550 2803 789 2868 Automedonte
811 2800 983 2884 Philippus
1006 2799 1156 2864 Eretriae
1179 2805 1335 2883 tyrannos
1358 2799 1415 2864 im-

285 2909 478 2988 posuerat3),
508 2891 733 2989 opprimerent
756 2902 998 2985 Chalcidenses,
1020 2902 1257 2968 Demosthenes
1279 2900 1416 2966 Atheni-

354 3074 375 3144 ¹)
394 3073 477 3128 schol.
496 3075 531 3127 ad
548 3075 629 3128 Dem.
649 3075 682 3138 V,
703 3081 734 3128 5:
759 3071 928 3142 Πλούταρχος
953 3070 985 3136 ήν
1004 3072 1149 3143 Ἐρετρίας
1172 3071 1306 3140 τύραννος.
1330 3068 1414 3140 τούτῳ

287 3165 413 3226 ἐπανέστη
438 3163 601 3229 Κλείταρχος
627 3163 669 3211 καὶ
686 3159 743 3226 ἅμα
768 3161 811 3210 καὶ
835 3163 860 3210 ol
883 3161 990 3210 πολῖται
1016 3163 1201 3211 συνεπέθεντο.
1227 3161 1328 3226 inopes
1347 3157 1417 3228 προς

280 3247 441 3312 Ἀθηναίους
460 3255 610 3316 συμμαχίαν
623 3248 721 3301 αὐτῶν.
735 3247 836 3298 ἀντεῖπε
849 3248 1036 3313 Λημοσθένης.
1051 3245 1087 3312 μὴ
1095 3250 1245 3304 πεισθέντες
1257 3243 1417 3296 ἀπέστειλαν

283 3333 316 3386 cf.
336 3332 417 3386 schol.
438 3334 472 3387 ad
489 3333 567 3399 XXI,
588 3339 646 3390 100.

349 3471 371 3542 ²)
389 3471 470 3524 schol.
490 3472 525 3524 ad
541 3472 622 3526 Dem.
641 3470 719 3535 XXI,
740 3473 798 3524 110.
817 3466 1029 3527 ὑποπτεύσαντες
1047 3466 1092 3522 οὖν
1111 3472 1135 3519 οἱ
1144 3469 1259 3537 Εὐβοεῖς
1275 3471 1317 3521 ἐπὶ
1334 3488 1416 3520 κατα-

282 3556 407 3609 δουλώσει
424 3559 471 3622 τής
482 3557 561 3620 νήσου
573 3559 765 3626 βεβοηθηκέναι
780 3559 823 3608 καὶ
841 3556 872 3608 οὗ
887 3555 929 3607 διὰ
941 3556 989 3620 τήν
1002 3557 1028 3616 ἐξ
1040 3555 1124 3621 ἄρχής
1139 3557 1239 3623 φιλίαν,
1254 3555 1412 3621 ἀπέστησαν.

281 3643 362 3698 schol.
388 3644 423 3698 ad
445 3642 526 3697 Dem.
554 3644 631 3709 XIX,
656 3649 721 3700 290:
747 3642 824 3702 οὗτος
848 3645 884 3700 εἰς
908 3643 1028 3709 Εὔβοιαν
1052 3640 1286 3713 ἐπεστρατήχησεν,
1308 3641 1353 3694 ὅτε
1376 3645 1414 3709 τῷ

283 3730 446 3800 Πλουτάρχῳ
459 3729 507 3795 τήν
524 3731 655 3798 βοήθειαν
667 3728 985 3798 1πεμψανἈθηναῖοι,ὥς
998 3729 1069 3780 εἶπεν
1079 3733 1104 3782 ἐν
1121 3731 1296 3789 Φιλιππικοῖς.
1315 3733 1413 3799 ἐκρίθη

282 3819 310 3868 δὲ
330 3816 363 3876 ὡς
382 3815 594 3882 συνεξαπατήσοις
610 3821 646 3886 τῷ
668 3815 829 3884 Πλουτάρχῳ
848 3815 898 3868 adv
916 3817 1011 3882 δῆμον.

304 3955 307 3962 ’
349 3956 371 4028 ¹³)
389 3956 469 4010 Dem.
489 3955 540 4022 IX,
560 3961 601 4012 58.
622 3962 672 4011 59:
696 3963 766 4026 τρεῖς
789 3959 927 4018 κατέστησε
951 3953 1096 4024 τυράννους
1114 3952 1267 4024 Ἵππαρχον,
1292 3953 1415 4022 Λῧτσμέ-

280 4043 372 4111 δοντα,
396 4047 571 4114 Κλείταρχον·
603 4045 645 4094 καὶ
662 4043 729 4109 μετὰ
747 4043 821 4096 ταῦτ’
843 4039 992 4104 ἐξελήλακεν
1010 4046 1036 4094 ἐκ
1053 4041 1101 4106 τῆς
1116 4038 1204 4111 χώρας
1222 4041 1262 4100 δὶς
1278 4040 1329 4106 ἤδη
1346 4045 1415 4108 βου-
