3190 5002
754 406 968 476 ..64-

295 575 431 663 deliet03
454 584 563 646 tamen
586 579 694 666 putuit
709 583 746 664 is,
769 582 821 647 eui
837 582 961 666 scripta
974 587 1024 648 est
1042 580 1147 648 oratio
1162 581 1196 648 in
1213 578 1419 650 Timotheum

295 703 368 748 eum
389 705 448 768 per
471 677 692 764 εἰσαγγελίαν
714 684 851 766 deferre,
874 685 1017 750 simodo
1040 684 1082 749 ad
1103 691 1231 771 partem
1253 686 1418 769 quandam
1446 745 1448 750 ,

294 786 376 869 legis
398 786 579 870 applicaret
602 786 855 868 accusationem
878 808 950 852 eam
965 787 1094 852 rettulit
1110 787 1249 852 fortasse
1263 790 1305 853 ad
1319 788 1418 853 verba

294 885 340 969 μή
372 884 415 950 τοί
444 884 564 972 ἄριστα
594 881 703 951 εἰπεῖν
732 889 779 974 τῷ
809 885 919 978 δήμῳ,
949 909 1146 972 quamquam
1173 889 1324 956 lubenter
1346 913 1419 956 cen-

294 987 400 1072 fitecr,
423 1010 492 1054 rem
512 1009 578 1053 non
601 1010 670 1054 esse
692 988 884 1073 perductam
907 991 949 1055 ad
971 991 1140 1074 liquidum.
1185 991 1419 1080 Sireputamus‚

293 1092 464 1156 moechum
477 1089 583 1155 teneri
602 1089 817 1168 καταλύσεως
832 1093 892 1156 τοῦ
907 1091 1028 1176 δήμου,
1042 1087 1179 1171 ἰδιώτην
1190 1093 1420 1179 Euxenippum

294 1195 440 1258 accusari
461 1215 520 1276 per
542 1190 760 1277 εἰσαγγελίαν
781 1191 906 1281 ῥήτορα
932 1192 1012 1258 ὄντα
1034 1194 1081 1277 μή
1104 1195 1149 1259 σοί
1172 1193 1294 1280 ἄριστα
1316 1194 1421 1261 εἰπεῖν

294 1297 338 1381 τᾷ
356 1293 465 1385 δήμῳ,
483 1293 570 1378 quod
586 1315 625 1358 ex
640 1297 839 1361 accusatoris
855 1297 1018 1361 sententia
1031 1297 1187 1361 mentitus
1204 1300 1245 1362 sit
1262 1300 1419 1363 somnium

297 1404 330 1463 et
351 1397 437 1462 falsa
459 1397 501 1462 ad
523 1397 680 1481 populum
693 1399 857 1482 detulerit,
880 1399 1121 1464 eoncedendum
1134 1405 1192 1482 est,
1215 1401 1420 1484 pcsseetiam

296 1500 460 1566 Timothei
486 1519 617 1564 causam
646 1501 806 1584 applicari
836 1501 877 1566 ad
910 1503 991 1586 legis
1019 1500 1117 1566 verba
1144 1500 1193 1582 μή
1225 1501 1270 1565 σοὶ
1297 1498 1419 1587 ἄριστα

296 1597 405 1668 εἰπεῖν
427 1603 470 1688 τῷ
494 1598 600 1690 δήμῳ.
622 1640 665 1650 -—
685 1641 729 1652 -

400 1703 455 1769 IV.
499 1701 557 1768 εἀν
578 1728 629 1779 τις
651 1705 757 1792 ἀδικῇ
779 1706 857 1790 περὶ
879 1705 922 1770 ud
945 1705 979 1771 ἒν
1002 1707 1073 1780 τοῖς
1094 1699 1257 1792 νεωρίοις(
1277 1705 1420 1771 Bcechh.

469 1807 508 1872 de
530 1807 625 1873 inser.
649 1809 754 1873 naval.
777 1806 846 1873 XV.
868 1807 945 1872 XVI
964 1796 997 1895 p.
1020 1808 1092 1871 534.

384 1907 498 1997 [Dem]
522 1909 653 1999 XLVII,
666 1911 707 1974 33
721 1931 792 1994 sqq.
815 1916 929 1975 narrat
951 1911 989 1994 is,
1012 1911 1064 1974 cui
1085 1907 1209 1994 scripta
1231 1915 1281 1974 est
1303 1911 1421 1993 oratic,

295 2032 329 2076 se
353 2031 425 2076 cum
438 2011 637 2076 trierarchus
651 2033 793 2094 suaeque
807 2012 999 2097 symmuriae
1017 2017 1149 2077 curator
1159 2016 1254 2094 esset,
1277 2013 1423 2094 exegisse

296 2113 543 2197 aTheuphem0‚
555 2115 611 2197 qui
621 2115 923 2180 anteatrierarehus
933 2114 1059 2196 fuisset,
1068 2120 1270 2178 armamenta
1278 2113 1422 2197 nautica,

296 2238 380 2301 quae
418 2216 459 2280 ab
497 2237 534 2282 eo
565 2216 763 2298 reipublicae
796 2217 1009 2298 deberentur,
1044 2237 1060 2280 e
1091 2220 1223 2280 senatus
1254 2215 1421 2298 consult03

294 2320 387 2384 illum
410 2324 519 2384 autem
537 2339 575 2382 ea
590 2319 727 2383 reddere
744 2339 928 2401 recusasse3
950 2341 1022 2384 curn
1034 2318 1173 2402 pignera
1188 2338 1227 2381 ex
1243 2317 1312 2399 ejus
1325 2317 1420 2382 domu

295 2426 438 2507 caperet,
449 2420 665 2507 prohibuisse,
676 2421 795 2503 pugnis
806 2420 999 2486 contudisse.
1028 2419 1279 2486 Denuntiauisse
1289 2421 1420 2484 senatui

294 2524 334 2589 de
363 2523 425 2588 hae
453 2536 500 2606 re‚'
530 2523 623 2587 illum
655 2529 764 2588 autem
792 2523 1001 2588 vehementer
1031 2528 1226 2588 commotum
1256 2543 1329 2587 eum
1360 2544 1419 2607 per

294 2621 511 2710 εἰσαγγελίαν
532 2625 679 2691 accusari
697 2625 844 2708 jussisse.

377 2727 452 2792 Jam
474 2733 573 2794 antea
594 2728 671 2811 dixi,
694 2726 736 2792 ad
759 2748 857 2810 quam
868 2747 998 2792 causam
1012 2725 1092 2792 haee
1103 2727 1183 2811 legis
1196 2726 1295 2792 verba
1309 2726 1414 2809 appli-

295 2831 363 2894 cari
385 2829 565 2896 decreverit
587 2836 730 2895 senatus.
753 2828 792 2893 cf.
814 2829 955 2894 Boeekh.
978 2829 999 2893 l.
1023 2831 1043 2894 l.

377 2931 445 2996 Has
468 2938 625 3015 quattuor
647 2937 768 3015 partes,
790 2937 828 2996 ut
850 2932 898 2996 ita
912 2932 1026 3015 dicam,
1049 2937 1260 2998 servaverunt
1273 2937 1419 3015 veteres3

292 3055 392 3098 unam
419 3035 538 3099 addere
561 3035 647 3118 licet,
680 3035 772 3118 cujus
793 3035 893 3099 verba
915 3035 1046 3118 quidem
1067 3035 1264 3119 ignoramus,
1287 3038 1416 3098 senten-

267 3138 373 3203 tiam
407 3142 516 3202 autem
553 3136 755 3222 conjiciendo
793 3138 977 3222 perspicere
1011 3157 1192 3220 possumus.
1243 3135 1320 3200 Lex*
1347 3141 1419 3199 erat

292 3239 441 3322 Athenis,
470 3244 571 3305 utne
594 3241 665 3322 quis
688 3261 788 3322 supra
819 3239 1058 3323 quinquaginta
1087 3237 1243 3304 frumenti
1264 3237 1419 3322 phormos

250 3344 254 3351 '
294 3347 454 3407 coemeret
484 3341 523 3406 cf.
545 3341 686 3407 Boeckh.
710 3341 750 3406 de
773 3362 837 3407 uec.
860 3340 935 3406 Aah.
959 3342 985 3424 Ι,
1010 3342 1088 3423 116;
1119 3339 1204 3404 hane
1226 3341 1331 3424 legem
1353 3339 1419 3403 fru-

294 3443 448 3510 mentarii
484 3444 617 3527 quidam
651 3445 890 3528 migraverunt,
926 3443 1028 3508 delati
1062 3446 1139 3508 sunt
1172 3464 1192 3507 a
1225 3441 1419 3527 prytanibus

294 3547 380 3632 (Lys.
403 3547 474 3630 XX,
497 3549 517 3612 2
548 3544 664 3626 ἐπειδὴ
686 3549 718 3611 ct
740 3543 914 3631 πρυτάνεις
935 3543 1111 3612 ιίπέδοσαν
1131 3540 1178 3621 εἰς
1202 3544 1266 3624 τήν
1287 3545 1417 3628 βουλήν

293 3651 369 3733 περὶ
391 3649 513 3738 αὐτῶν)
537 3656 570 3715 et
592 3655 725 3714 senatus
747 3654 815 3713 tarn
836 3648 973 3713 infestus
996 3647 1060 3713 fuit
1082 3669 1194 3713 eurum
1216 3647 1360 3730 delictis,
1382 3651 1420 3710 ut

292 3773 358 3816 nen
380 3753 519 3817 multum
542 3751 681 3836 abesset,
705 3752 784 3834 quin
806 3746 961 3838 ἀκρίτους
982 3770 1035 3814 ecs
1051 3749 1298 3832 condemnaret3
1320 3751 1419 3814 inter·

294 3853 390 3919 cessit
412 3855 449 3937 is,
473 3855 526 3920 cui
548 3857 673 3940 scripta
695 3860 744 3920 est
765 3853 871 3919 oratio
885 3857 918 3918 et
932 3852 1131 3917 accusatoris
1146 3858 1257 3937 partes
1276 3851 1420 3935 suscepit

296 3961 493 4041 (κατηγορεῖ
511 3958 546 4022 ἐν
570 3959 609 4044 τῇ
629 3957 730 4050 βουλῇ
752 3958 816 4023 τῶν
839 3955 1053 4036 σιτοπωλῶν).
1077 3955 1280 4038 Quamquam
1301 3955 1417 4054 inera-

292 4060 382 4125 tiene
403 4061 475 4143 ipsa
496 4053 713 4144 εἰσαγγελίας
735 4082 796 4126 vox
818 4081 883 4126 non
895 4059 1067 4143 reperitur,
1090 4063 1199 4124 tamen
1222 4053 1419 4142 εἰσαγγελία
