3190 5002
741 352 954 424 «48—

284 521 482 610 μηνύουσιν,
504 523 594 593 άλλά
618 525 662 592 τά
686 523 750 592 ὑπὸ
773 524 837 595 τῶν
859 525 1045 616 τριάκοντα
1067 527 1272 598 πλασθέντα
1296 523 1408 616 εἰσαγ-

285 629 440 712 γέλλουσι
461 636 521 696 eto.
536 629 624 714 XIII,
646 629 687 694 48
711 635 744 694 et
754 631 810 695 49:
833 628 1052 715 μηνίσας...
1067 631 1284 719 κατεμήνυσε.
1306 633 1406 715 §.502

286 727 503 816 εἰσαγγεῖλαι.
525 732 576 797 Ps.
598 733 684 797 Plut.
703 756 734 817 p.
754 733 817 797 834
838 732 878 798 0:
911 733 970 797 καί
994 729 1265 820 εἰσαγγελθέντα
1289 733 1405 814 ἐπειδή

284 829 343 896 οὐκ
366 830 551 917 ἠβουλήθη
575 831 612 900 tv
634 831 778 915 ἐζήτουν
793 837 825 900 οἱ
845 833 1028 921 κατήγοροι
1042 837 1164 901 δοῦλον
1177 837 1335 906 ἐκδοῦναι
1347 842 1408 903 etc.

284 933 513 1021 Εἰσαγγελιιῑιν
525 958 608 1020 quae
622 938 753 1022 proprie
765 938 919 1002 dicuntur
934 938 1000 1002 tria
1011 960 1132 1022 genera
1142 937 1275 1005 fuerunt
1285 938 1409 1004 usitata

284 1038 318 1101 in
341 1037 411 1103 foro
433 1038 561 1122 Λίβυος
583 1045 716 1124 praeter
737 1039 808 1124 hoc,
839 1039 878 1105 de
901 1060 965 1122 quo
988 1042 1172 1106 accuratius
1195 1041 1352 1107 disserere
1374 1043 1409 1106 in

284 1140 319 1203 in
341 1141 448 1205 animo
470 1141 549 1206 mihi
572 1148 632 1226 est,
654 1143 795 1208 alterum
817 1141 856 1206 de
872 1142 960 1207 mala
978 1149 1162 1227 parentum,
1185 1144 1408 1227 epiolerorum,

285 1243 487 1326 pupillorum
511 1244 709 1309 tractatione
732 1244 820 1329 apud
842 1245 1041 1328 archontum,
1064 1245 1204 1310 alterum
1226 1244 1266 1311 de
1288 1245 1409 1311 dinote-

283 1350 393 1410 tarum
414 1346 542 1430 injuriis
565 1346 653 1431 apud
676 1346 821 1430 logistaa
829 1345 853 1434 ¹)
897 1345 961 1411 Sed
983 1348 1150 1412 mittamus
1172 1345 1268 1430 hae03
1292 1347 1408 1430 dequo

284 1448 388 1530 primo
410 1447 481 1513 loco
504 1448 573 1532 agit
593 1448 841 1534 Harpocration,
864 1450 898 1513 in
921 1449 955 1513 id
977 1450 1188 1532 inquiramua
1233 1449 1409 1528 Quaeritur

284 1548 426 1614 nuncin
450 1550 567 1633 quibus
597 1557 774 1636 occupetur
797 1545 1015 1637 εἰσαγγελίας
1040 1551 1109 1634 jam
1137 1555 1263 1617 veteres
1285 1551 1325 1616 do
1346 1550 1409 1616 hao

282 1671 318 1716 re
341 1651 548 1718 dissentiunt.
576 1653 653 1718 Lex.
681 1652 942 1739 rhethntabr.
965 1675 996 1737 p.
1020 1654 1092 1736 667,
1116 1654 1172 1718 13:
1203 1647 1407 1739 εἰσαγγελία·

285 1753 377 1819 κατά
405 1757 530 1821 καινῶν
559 1753 814 1844 καὶζάγράφων
843 1755 1070 1841 ἀδικημάτων·
1100 1749 1187 1833 αὕτη
1214 1757 1275 1838 μέν
1305 1745 1408 1834 οὖνή

283 1856 470 1922 Καικιλίου
500 1853 585 1935 δόξα
594 1885 607 1936 ,·
636 1859 814 1944 opponitur
841 1860 871 1924 ei
900 1856 1136 1943 Theophrastri
1165 1859 1338 1941 sententia,
1369 1857 1409 1922 de

284 1980 349 2042 qua
370 1960 482 2043 paullo
506 1967 579 2044 post
601 1983 749 2045 agemua3
772 1962 805 2025 in
818 1960 882 2026 fine
897 1959 1073 2033 Καικίλιος
1086 1961 1123 2026 δέ
1136 1957 1241 2034 οὕτως
1255 1956 1409 2044 άρίσατο·

283 2057 479 2146 εἰσαγγελία
502 2062 594 2127 ἐστίν
616 2058 635 2126 t·
656 2064 731 2146 νιερί
755 2065 877 2126 καινῶν
890 2059 1110 2144 άδικημάτων
1127 2059 1314 2126 δεδώκασιν
1325 2058 1409 2125 άπε-

282 2171 410 2246 νεγκεῖν
432 2165 465 2228 οἰ
487 2163 595 2247 νόμοι·
622 2161 694 2229 ’ἐστι
716 2162 752 2227 δέ
773 2163 812 2228 τά
834 2161 1067 2247 μελετώμενον
1081 2161 1115 2227 έν
1133 2169 1209 2236 ταῖς
1220 2164 1286 2226 τῶν
1295 2163 1410 2249 σοφῶν

286 2265 482 2351 διατριβαῖς.
526 2265 645 2332 Mutila
667 2287 736 2331 ease
758 2266 840 2330 haec
861 2264 961 2330 verba
982 2269 1136 2349 apparet3
1167 2265 1314 2349 suppleri
1336 2286 1409 2350 pos·

285 2373 362 2432 sunt
385 2389 402 2433 e
425 2366 526 2434 Suida
548 2373 581 2434 et
602 2368 665 2433 lex.
693 2367 777 2432 rhet.
808 2367 921 2448 (Bekk.
944 2373 1049 2432 aneot.
1071 2368 1087 2432 Ι
1108 2389 1139 2451 p.
1162 2367 1257 2447 244);
1288 2361 1409 2452 εἰσαγ-

282 2471 380 2554 γελία
401 2467 520 2554 κυρίως
544 2467 563 2549 ή
586 2471 661 2560 ιτερί
685 2471 805 2536 καινῶν
829 2471 885 2534 καί
908 2466 1078 2554 δημοσίων
1101 2466 1317 2554 άδικημάτων
1335 2466 1409 2534 εἰσ-

281 2572 431 2656 αγομένη
468 2569 547 2651 δίκη
580 2569 645 2640 ono
679 2574 742 2638 τῶν
774 2570 1000 2658 Πρυτάνεων,
1036 2574 1112 2657 περὶ
1142 2563 1186 2635 ὧν
1222 2567 1409 2658 διαρρήδην

281 2678 340 2755 μὲν
359 2674 454 2742 οὐδέν
466 2675 621 2758 λέγουσιν
634 2677 666 2740 οί
683 2672 792 2757 νόμοι,
811 2675 1014 2759 συγχωροῦσι
1031 2676 1066 2738 δέ
1079 2674 1204 2758 κρίσεις
1214 2670 1409 2758 γίγνεσθαι.

351 2897 372 2968 ¹)
390 2896 523 2968 Harpocr.
548 2914 569 2949 ε.
589 2913 615 2950 v.
635 2897 797 2963 εἰσαγγελίας
823 2896 953 2962 δημοσίας
975 2895 1049 2956 τινάς
1066 2896 1140 2962 δίκης
1157 2893 1240 2964 ὄνομά
1263 2898 1329 2964 ἔστι,
1346 2895 1408 2965 τρία

282 2981 310 3035 δ’
329 2985 398 3036 λστίν
422 2984 477 3048 είδη
503 2984 677 3049 εἰσαγγελιῶν.
702 2982 719 3051 ἡ
743 2986 792 3051 μέν
815 2981 865 3051 γὰρ
889 2982 934 3033 ἐπὶ
952 2982 1090 3051 δημοσίοις
1113 2979 1260 3051 ἀδικήμασι
1276 2987 1410 3051 μεγίστοις

282 3071 326 3122 καί
343 3067 476 3138 ἀναβολὴν
493 3068 529 3137 μή
549 3069 752 3139 διαδεχομένοις,
770 3070 813 3120 καί
824 3066 862 3137 rp'
883 3069 922 3128 οἷς
935 3065 1002 3136 μήτε
1020 3067 1086 3138 ἀργή
1101 3074 1247 3136 καθέστηκε
1255 3065 1322 3138 μήτε
1331 3064 1410 3135 νέμοι

281 3164 379 3210 κεῖνται
400 3163 457 3218 τοῖς
479 3157 590 3227 ἄρχουσι
613 3155 675 3208 καθ’
703 3154 749 3214 οὓς
773 3152 931 3220 εἰσάξουσιν,
956 3155 1023 3208 ἀλλὰ
1046 3157 1112 3227 πρὸς
1133 3155 1180 3222 τήν
1203 3155 1299 3226 βουλήν
1321 3154 1338 3220 ἢ
1360 3153 1408 3208 τὸν

281 3245 368 3313 δῆμον
387 3243 401 3310 ή
421 3243 510 3315 πρώτη
529 3242 689 3302 κατάστασις
706 3251 835 3316 γίγνεται,
852 3244 896 3293 καί
913 3240 951 3312 ἐφ’
972 3244 1010 3301 οἷς
1025 3245 1061 3311 τῷ
1079 3242 1271 3314 μὲνφειίγοντι,
1289 3239 1408 3310 ἰάνάλῷ,

279 3335 402 3400 μέγισται
429 3331 519 3399 ζημίαι
543 3334 694 3401 ἐπίκεινται,
719 3329 733 3383 ὅ
760 3331 788 3382 δὲ
807 3328 918 3394 διιίκοιν,
942 3328 988 3381 ato
1010 3328 1048 3398 μή
1072 3329 1126 3400 rap,
1158 3329 1233 3385 οὐδὲν
1257 3331 1407 3400 ζημιοῦται,

281 3418 348 3486 πλὴν
371 3417 417 3472 uio
438 3417 469 3472 τὰ
489 3417 508 3468 ε’
526 3420 605 3488 μέρος
622 3420 675 3468 τῶν
693 3413 792 3486 ψήφοιν
815 3417 853 3487 μή
870 3414 1015 3486 μεταλάβῃ·
1039 3412 1099 3470 τότε
1123 3415 1174 3488 γάρ
1196 3419 1283 3484 χιλίας
1306 3420 1407 3469 ἰκτίνει·

280 3505 310 3560 τί
332 3507 360 3556 δὲ
378 3505 493 3559 παλαιάν
511 3507 555 3555 καὶ
572 3503 646 3559 οὗτοι
663 3500 788 3572 μειζόνως
804 3502 966 3565 ἐκολάζοντο.
1003 3505 1076 3574 ἑτέρα
1094 3505 1122 3556 δέ
1141 3507 1289 3573 εἰσαγγελία
1307 3507 1409 3571 λέγεται

281 3594 326 3646 au
346 3599 405 3652 ταῖς
427 3589 577 3644 κακοίσεσιν·
614 3591 696 3646 αὗται
719 3590 748 3642 δ’
772 3593 822 3642 εἰσί
849 3592 916 3662 πρὸς
939 3591 988 3645 τὸν
1011 3591 1137 3661 ἄρχοντα,
1161 3594 1205 3643 καὶ
1227 3592 1264 3659 τῷ
1289 3588 1408 3642 διώκοντι

281 3676 398 3748 ἀζήμιοι,
423 3679 472 3730 κίίν
493 3677 529 3748 μή
554 3675 691 3748 μεταλάβῃ
708 3676 744 3731 τά
760 3675 778 3728 ε’
796 3682 875 3749 μέρος
898 3679 950 3729 τῶν
973 3677 1080 3746 ψήφων.
1117 3676 1183 3743 άλλη
1207 3679 1235 3730 δὲ
1261 3679 1408 3746 εἰσαγγελία

282 3768 336 3819 ἐστὶ
354 3766 420 3819 κατὰ
436 3769 488 3817 τῶν
506 3767 656 3831 διαιτητῶν·
677 3767 700 3816 εἰ
717 3762 768 3836 γάρ
785 3785 825 3825 τις
842 3765 891 3820 ὑπὸ
912 3766 1046 3830 διαιτητοῦ
1065 3763 1219 3831 ἰιδικηθείη,
1238 3766 1297 3830 ἰξίμ
1313 3767 1408 3819 τοῦτον

282 3855 456 3920 εἰσαγγέλλειν
485 3852 557 3921 πρός
578 3850 641 3910 τοὺς
669 3851 804 3915 δικαστὰς,
829 3854 873 3903 καί
897 3850 976 3911 &Iovis
998 3852 1137 3921 ήτιμοῦτο.
1178 3850 1309 3906 Matthiae
1332 3850 1405 3907 milze-

281 3938 374 4012 philol.
393 3939 447 4012 Ip,
462 3943 512 3996 243
523 3957 551 3994 n.
565 3943 608 3994 25.
626 3939 662 3992 A.
675 3938 722 3992 W.
735 3938 872 3993 Heffterus
883 3938 918 3993 de
926 3937 1057 4009 jurisdict.
1072 3936 1172 3993 Athen.
1185 3956 1213 4009 p.
1222 3940 1407 3994 lor-195.-

281 4025 321 4080 M.
341 4025 378 4080 H.
398 4025 589 4081 Hudtwaloker
605 4026 639 4080 de
658 4023 736 4079 diunt.
755 4024 855 4078 Athen.
