3190 5002
745 367 957 432 „24-

287 541 391 606 classe
422 537 603 604 Maronitas
638 536 869 621 defenderant,
906 538 1015 605 subito
1050 560 1147 605 causa
1176 561 1241 606 non
1273 538 1351 606 data
1378 539 1413 607 in

287 643 430 708 hostium
457 646 569 724 partes
599 640 739 706 abierint
768 640 871 721 (Dem.
900 640 943 724 L,
977 643 1016 707 18
1045 649 1139 725 sqq.).
1183 643 1413 728 EKiesslingi

288 746 452 810 sententia
481 745 600 810 missus
633 748 682 808 est
709 742 907 828 Hyperides,
938 745 995 828 qui
1024 744 1159 810 Thasios
1186 746 1413 812 reconciliaret

287 869 360 913 cum
371 847 552 912 Maronitis.
576 845 824 911 Contentionem
837 848 1050 930 compositam
1070 867 1138 912 esse
1150 852 1226 912 ante
1244 847 1411 932 01.109,2

286 955 425 1035 apparet
447 973 486 1015 ex
509 949 649 1033 epistola
670 948 817 1032 Philippi
842 950 954 1031 [Hem]
978 950 1051 1032 XII,
1076 951 1129 1014 17:
1154 950 1213 1012 καὶ
1234 949 1409 1036 λογίζεσθ’

288 1051 329 1129 ὠς
352 1050 481 1138 ἄλογόν
510 1052 602 1117 ἔστιν
628 1049 830 1130 Ἀθηναίους
853 1049 997 1129 Θασίους
1023 1057 1083 1138 μὲν
1113 1053 1170 1117 καὶ
1192 1051 1412 1139 Masonitai

286 1153 480 1241 ἀναγκάσαι
509 1156 588 1242 περὶ
617 1150 782 1239 Στρύμης
813 1157 1036 1240 διακριθῆναι
1064 1152 1196 1240 λόγοις,
1225 1154 1347 1232 αὐτούς
1375 1157 1411 1222 δὲ

285 1259 370 1344 πρὸς
390 1258 444 1341 ἐμὲ
466 1255 514 1341 μή
536 1257 776 1323 διαλύσασθαι
799 1257 873 1342 περὶ
895 1247 939 1322 ὧν
959 1256 1244 1344 ἀμφισβητοῦμεν
1266 1264 1326 1324 etc.

371 1362 518 1444 Apparet
544 1366 615 1425 tum
643 1358 785 1424 maxima
813 1358 963 1425 floruisse
990 1361 1186 1446 Hyperidem
1214 1362 1411 1427 auctoritate

285 1485 474 1547 summaque
501 1462 610 1547 gratia
637 1461 791 1545 populari
818 1461 929 1544 luisse,
960 1484 1031 1528 cum
1060 1470 1127 1528 tam
1150 1463 1302 1547 gravibus
1324 1465 1410 1547 lega-

285 1567 430 1632 tionibus
462 1565 578 1650 dignus
609 1586 679 1629 esse
700 1563 886 1628 haberetur.
931 1563 1011 1628 Cum
1039 1565 1107 1630 fere
1130 1567 1240 1630 eodem
1264 1571 1410 1649 tempore

285 1690 387 1734 novae
415 1668 598 1733 discordiae
628 1671 759 1732 exortae
789 1671 898 1730 essent
929 1667 1016 1732 inter
1036 1667 1252 1734 Athenienses
1281 1672 1315 1731 et
1335 1666 1410 1731 Phi·

267 1772 413 1855 lippum
444 1793 517 1836 cum
539 1775 675 1855 propter
705 1768 865 1851 ancipites
895 1770 1053 1852 quasdam
1080 1770 1170 1854 pacis
1193 1769 1410 1853 condiciones

283 1879 354 1939 tum
377 1873 465 1957 quod
492 1873 531 1938 de
553 1874 681 1955 integro
703 1869 873 1935 fraudibus
897 1893 917 1936 a
938 1894 1013 1956 rege
1043 1895 1076 1938 se
1098 1873 1167 1958 peti
1188 1872 1411 1955 intelligerent

283 1975 516 2058 Athenienses,
556 1972 791 2039 Demosthenes
824 1972 1015 2057 Polyeuctos
1049 1975 1252 2059 Hegesippus
1282 1975 1340 2039 alii
1368 1972 1410 2038 ad

282 2079 390 2144 varias
419 2077 637 2162 Peloponnesi
666 2075 814 2140 civitates
842 2077 944 2159 legati
972 2075 1124 2142 abierunt
1154 2077 1256 2157 (Dem.
1278 2076 1335 2160 IX,
1359 2077 1408 2140 71.

284 2181 355 2266 72),
384 2186 422 2244 ut
452 2201 506 2245 eas
535 2179 578 2244 ad
606 2179 794 2244 societatem
823 2179 999 2244 ineundam
1028 2185 1274 2262 commoverent,
1302 2199 1408 2261 neque

266 2282 439 2348 'abhorret
468 2304 488 2346 a
515 2283 582 2346 veri
615 2279 844 2362 similitudine,
885 2279 972 2362 qnod
1002 2280 1226 2347 Boehneckius
1254 2283 1408 2366 proponit

285 2391 425 2469 (quaest.
444 2385 512 2448 Att.
534 2383 550 2447 Ι
571 2405 603 2466 p.
625 2383 699 2465 461,
721 2383 766 2466 3),
790 2382 988 2465 Hyperidem
1010 2390 1080 2449 tum
1102 2384 1144 2450 ad
1157 2382 1253 2450 Chios
1277 2383 1407 2449 etRho·

284 2487 355 2554 dios
372 2487 555 2570 profectum
574 2485 620 2550 ibi
638 2485 803 2563 orationes
818 2484 972 2551 Chiacam
985 2485 1227 2564 etRhodiacarn
1240 2507 1409 2570 perorasse

283 2611 403 2673 eosque
413 2589 622 2673 permovisse,
638 2593 675 2652 ut
687 2587 942 2654 Atheniensibus
957 2610 1027 2654 sese
1042 2589 1268 2672 adjungerent.
1292 2589 1408 2668 Quam·

282 2713 381 2775 quam
394 2695 521 2757 incerta
533 2697 582 2756 est
599 2692 681 2756 haec
692 2691 890 2773 conjectura,
914 2691 1000 2773 quod
1019 2691 1093 2774 jure
1109 2696 1220 2755 monet
1236 2691 1409 2775 Sauppius,

188 2820 192 2828 ·
282 2816 355 2860 cum
370 2795 535 2859 orationes
556 2793 634 2858 illae
656 2793 755 2856 etiam
777 2791 978 2874 temporibus
992 2813 1135 2875 pugnam
1149 2791 1409 2860 Chaeronensem

281 2896 437 2962 insecutis
459 2893 721 2960 accommodatae
751 2895 827 2976 sint,
858 2899 968 2958 tamen
998 2894 1182 2978 adstipulor
1204 2895 1409 2963 Boehneckio

281 2997 345 3062 hac
366 2998 406 3063 de
428 3018 536 3079 causa,
560 2995 648 3079 quod
669 2999 739 3059 tum
763 2994 916 3060 Chiorum
938 3001 972 3060 et
985 2996 1187 3063 Rhodiorum
1209 2999 1329 3064 classes
1342 3021 1410 3064 una

282 3121 355 3165 cum
376 3098 571 3164 Atheniensi
598 3097 767 3164 auxilium
783 3097 933 3163 tulerunt
954 3098 1158 3183 Byzantiis.¹)
1204 3099 1336 3167 Certum
1359 3109 1410 3170 est

353 3339 373 3410 ¹)
391 3339 515 3393 Frontin.
541 3343 651 3407 strateg.
676 3337 700 3390 Ι.
719 3342 745 3403 4,
771 3339 816 3392 13:
841 3337 913 3391 idem
936 3337 1094 3409 (Philippus)
1120 3356 1180 3392 cum
1204 3341 1407 3409 Cherronesum,

282 3442 349 3496 quae
363 3424 431 3496 juris
440 3423 646 3478 Atheniensium
664 3429 730 3488 erat,
750 3441 878 3494 occupare
893 3423 1089 3494 prohiberetur,
1108 3418 1260 3480 tenentibus
1269 3427 1409 3482 transitum

281 3529 337 3565 non
354 3509 544 3581 Byzantiorum
568 3515 683 3574 tantum,
710 3509 757 3562 sed
774 3509 944 3563 Rhodiorum
967 3527 1073 3580 quoque
1097 3518 1125 3564 et
1143 3511 1269 3565 Chiorum
1286 3513 1407 3579 navibus,

281 3596 429 3651 conciliavit
448 3596 548 3650 animos
567 3612 660 3649 eorum
677 3594 814 3648 reddendo
832 3611 921 3659 naves,
947 3613 1012 3666 quas
1031 3605 1146 3667 ceperat,
1170 3598 1244 3668 quasi
1260 3605 1408 3669 sequestres

280 3682 383 3736 futuras
401 3681 564 3736 ordinandae
582 3679 653 3750 pacis
671 3679 741 3732 inter
758 3697 785 3732 se
803 3685 883 3750 atque
900 3681 1051 3752 Byzantios,
1077 3683 1122 3752 qni
1140 3701 1217 3737 causa
1235 3684 1299 3738 belli
1317 3691 1406 3749 erant;

281 3774 418 3838 tractaque
435 3786 483 3838 per
501 3783 627 3836 magnum
638 3772 742 3835 tempus
754 3765 942 3836 postulatione,
961 3784 1021 3820 cum
1039 3766 1169 3821 industria
1181 3768 1294 3823 subinde
1309 3769 1409 3841 aliquid

281 3853 309 3906 in
332 3852 530 3906 condiciombns
554 3857 695 3916 retexeret,
720 3850 829 3905 classem
852 3869 901 3922 per
924 3851 994 3906 idem
1017 3859 1122 3924 tempus
1140 3855 1308 3925 praeparavit
1325 3873 1408 3926 eaque

281 3940 309 3993 in
326 3937 458 4010 angustias
471 3937 531 3992 freti
540 3937 669 4010 imperato
683 3936 759 3991 hoste
769 3937 872 3992 subitur
885 3939 966 3992 evasit
978 3939 1011 3992 of.
1025 3945 1172 4010 praeterea,
1187 3958 1254 4010 quae
1267 3941 1406 4006 Dem.IX,

286 4025 317 4081 71
336 4029 398 4096 post
416 4024 498 4078 verba
515 4028 680 4095 ἐκπέμπωμεν
697 4027 816 4094 πρέσβεις
832 4041 848 4077 a
865 4042 901 4078 m.
927 4043 980 4080 rec.
1000 4026 1028 4079 in
1045 4042 1128 4099 marg.
1149 4029 1176 4078 Σ
1192 4026 1323 4104 adscripta
1339 4027 1406 4087 sinte
