3190 5002
643 385 856 456 ...lb-

186 565 401 647 δημηγοριῶν
422 556 606 647 οἰαήγγειλε
632 564 857 642 Δημοσθένης
881 565 957 649 ιτερὶ
987 558 1047 636 vis·
1074 561 1228 650 ιγυλακῆς
1252 564 1311 643 τῆς

187 669 249 730 τῶν
277 662 438 742 νησιατών
473 666 530 727 καὶ
563 667 625 730 τῶν
653 666 687 729 ἐν
715 661 939 754 Ἑλλεσιτὸντῳ
975 665 1122 744 πόλεων,
1151 659 1190 743 ἧς
1220 667 1310 731 ἐστιν

185 767 269 852 α’ρχή
293 774 354 832 eto.
397 766 482 830 Belli
511 773 707 851 apparatum
728 766 798 849 jam
828 772 984 833 autumno
1014 767 1143 832 linitum
1172 789 1241 832 esse
1272 789 1310 833 ex

186 892 222 935 eo
246 873 394 953 apparet,
425 869 513 950 quod
540 869 646 934 hieme
675 867 716 933 ab
744 868 806 933 hoo
828 868 1057 934 abstinuerunt
1079 869 1169 934 Dem.
1191 869 1310 953 XVIII,

184 974 240 1038 26:
265 965 319 1036 ὅτι
341 967 435 1054 ὑμεῖς
456 975 517 1055 μὲν
538 970 600 1034 οἰκ
623 967 685 1058 οἶμ’
707 961 745 1050 ἧς
766 966 919 1054 οἰμόσατε
948 967 1075 1055 ἡμέρας
1096 971 1212 1053 μόνον,
1236 968 1312 1036 ἀλλ’

186 1074 249 1162 αφ’
271 1065 307 1150 ἧς
331 1069 496 1151 ἠλπίσατε
528 1072 589 1150 την
618 1069 753 1156 εἰρήνην
778 1069 935 1153 ἔσεσθαι,
963 1076 1076 1148 πάσας
1099 1071 1310 1151 egestuosus

187 1177 252 1251 τοὶς
273 1173 487 1258 παρασκευας
510 1172 569 1247 τοὶς
591 1176 652 1237 τοῦ
674 1175 835 1257 πολέμου,
856 1171 874 1238 ὁ
898 1174 935 1237 δέ
958 1181 1017 1240 etc.
1062 1175 1109 1240 οο
1121 1176 1310 1240 condicione

186 1278 385 1360 reipublicae
406 1275 665 1357 Atheniensium,
690 1298 773 1359 quae
794 1283 873 1341 tuno
895 1283 965 1342 erat
988 1277 1027 1341 of,
1051 1263 1176 1343 Sohaef.
1195 1278 1216 1342 l.
1240 1277 1262 1340 l.
1279 1278 1310 1341 ΙΙ

188 1405 219 1466 p.
244 1382 304 1444 100
335 1401 383 1462 sq.
406 1378 470 1443 260
492 1399 562 1460 sqq.
609 1377 730 1443 Chares
759 1377 801 1443 ad
827 1379 1076 1462 Hellespontum
1105 1381 1139 1444 in
1169 1381 1311 1445 statione

188 1489 258 1559 erat
280 1487 314 1547 et
335 1481 540 1564 potissimum
552 1479 745 1544 Chersonesi
767 1480 916 1546 custodia
938 1503 958 1548 a
979 1482 1142 1565 populoei
1155 1483 1311 1547 mandata

189 1607 256 1650 esse
279 1584 418 1665 videtur,
447 1584 480 1647 in
511 1583 654 1647 castellis
678 1582 897 1667 Cersobleptis
921 1581 1052 1648 Serrhio
1075 1589 1108 1647 et
1129 1583 1309 1648 Hieronoro
1435 1632 1437 1636 -

188 1686 340 1773 praesidii
354 1707 452 1750 eausa
463 1685 583 1749 milites
596 1685 767 1749 collocavit
779 1685 818 1748 of.
827 1685 917 1749 Dem.
929 1685 985 1768 IX,
1004 1686 1052 1767 15,
1067 1685 1310 1768 Cersobleptem

187 1811 207 1854 a
229 1789 382 1872 Philippo
404 1809 551 1872 pressum
570 1807 639 1851 esse
651 1786 797 1851 Athenas
810 1788 942 1851 nuntiat
960 1809 1019 1871 per
1037 1788 1164 1852 litteras
1183 1788 1310 1866 (Aesoh.

186 1893 229 1973 Π,
252 1892 325 1976 80);
348 1889 460 1955 eodem
481 1895 627 1972 tempore
649 1888 683 1952 in
705 1887 813 1954 Imbro
836 1889 944 1953 insula
963 1888 1131 1954 Nausioles
1153 1889 1216 1955 fuit
1238 1912 1310 1955 enm

191 1993 259 2058 MM
288 1991 434 2077 hoplitiS‚
473 1991 528 2073 qui
557 1996 730 2055 coronatus
755 1996 811 2054 est
842 1991 944 2070 (Dem.
966 1989 1085 2072 XVIII,
1109 1993 1193 2074 114),
1223 1993 1310 2074 quod

189 2118 259 2161 cum
284 2095 401 2159 Philon
433 2080 451 2156 ὁ
476 2092 529 2155 ἐπὶ
552 2094 610 2170 τῆς
632 2091 823 2170 διοικήσεως
846 2093 1156 2179 κεχειροτονημένος
1176 2099 1311 2177 propter

188 2197 348 2283 procellas
356 2194 500 2260 Imbrum
508 2194 830 2278 navigarenequiret,
846 2195 885 2258 de
895 2218 952 2260 suo
964 2195 1121 2260 militibus
1130 2197 1310 2260 mercedem

189 2299 323 2364 dederit.
368 2297 473 2376 Quum
495 2296 667 2381 Philippus
698 2297 732 2359 in
761 2296 895 2361 Euboea
923 2297 1032 2362 insula
1061 2297 1124 2362 duo
1154 2303 1310 2382 tyrannos

187 2401 421 2482 constituisset,
430 2399 569 2464 alterum
578 2397 780 2464 Clitarchum
786 2399 944 2483 Eretriae,
957 2400 1096 2465 alterum
1104 2400 1310 2465 Philistidem

189 2503 276 2584 Orei,
293 2501 443 2566 videntur
457 2501 491 2564 in
504 2499 636 2566 Soiatho
647 2500 755 2565 insula
762 2501 1009 2566 Atheniensium
1020 2502 1184 2586 praesidia
1194 2502 1308 2585 fuisse3

189 2604 269 2668 dicit
283 2603 368 2668 enim
381 2601 627 2685 Demosthenes
651 2599 710 2667 δύο
727 2600 762 2664 ἐν
776 2599 901 2689 Εὐβοίᾳ
920 2603 1104 2683 κατέστησε
1119 2603 1309 2689 τυράννους,

191 2705 249 2771 τὸν
276 2709 338 2790 μὲν
369 2701 560 2789 α’τιαντικριί
592 2704 650 2782 τῆς
680 2703 827 2783 Ἀττικης
855 2701 1066 2790 ἐπιτειχίσας,
1103 2703 1164 2770 τὸν
1192 2701 1230 2771 δ’
1256 2705 1310 2770 ἐστὶ

187 2807 355 2872 Σκίαθον
379 2813 438 2872 eto.

272 2909 378 2994 Erant
407 2911 506 2994 igitur
532 2908 696 2994 praesidia
726 2915 759 2974 et
785 2908 886 2974 Imbr'i
915 2914 948 2974 et
976 2909 1090 2973 Lemni
1120 2914 1153 2974 et
1175 2909 1309 2976 Sciathi.

188 3011 223 3078 si
244 3013 294 3077 Ol.
318 3013 390 3095 108,
420 3015 440 3077 2
477 3011 643 3096 profectus
674 3018 725 3076 est
746 3011 940 3094 Lycophron
963 3011 1130 3093 Lemnum,
1158 3018 1233 3077 aeta
1260 3018 1311 3077 est

188 3136 286 3180 eausa
307 3114 420 3199 paullo
442 3118 517 3198 post
539 3112 589 3178 01.
614 3112 684 3195 109,
708 3114 742 3194 1;
766 3113 886 3178 etenim
908 3119 975 3177 tres
987 3134 1089 3178 annos
1102 3113 1149 3178 ibi
1159 3119 1308 3180 versatus

187 3223 246 3282 est.
270 3217 310 3282 Se
322 3215 521 3282 astrinxerat
543 3215 673 3298 scelere,
696 3220 832 3299 propter
855 3215 942 3298 quod
964 3215 1034 3297 ejus
1056 3237 1173 3282 nomen
1191 3216 1310 3282 detulit
1430 3225 1436 3239 ¹

188 3319 366 3403 Lyeurgus,
393 3322 570 3398 antequam
591 3317 726 3399 reliquit
747 3317 892 3383 Athenas
915 3323 948 3382 et
969 3318 1166 3401 simulatque
1188 3313 1309 3401 εἰσαγ-

188 3421 307 3502 γελίαν
330 3422 359 3486 ei
381 3420 540 3485 miserunt
562 3411 702 3502 cognati,
724 3419 813 3484 illieo
836 3419 982 3485 Athenas
1004 3421 1139 3486 revertit
1161 3419 1200 3485 of.
1223 3443 1249 3486 ο.
1272 3423 1308 3486 3:

186 3523 262 3608 ἐμοὶ
291 3522 356 3608 γοὶρ
387 3523 419 3587 οἱ
449 3515 568 3586 οἰκεῖοι
597 3517 802 3586 οίιιέστειλαν
832 3518 1025 3606 γράψαντες
1055 3513 1117 3600 τήν
1135 3546 1170 3587 τε
1194 3520 1309 3608 εἰσαγ-

186 3621 304 3709 γελίαν
328 3626 383 3687 καὶ
407 3620 469 3699 τοίς
491 3620 607 3700 αἰτίας
629 3630 689 3689 ete.
710 3662 753 3670 —
775 3623 837 3707 ἐγώ
860 3625 895 3689 δὲ
917 3620 942 3688 ἰί
963 3624 1122 3709 καὶπρὸς
1143 3623 1310 3701 τούςέιτι-

188 3722 339 3807 τηὸείονς
369 3727 425 3789 καὶ
454 3722 540 3811 πρὸς
564 3725 640 3802 τούς
660 3725 800 3799 οἰκείους
823 3724 899 3801 τούς
920 3726 1066 3810 ἐμαυτοῦ
1096 3723 1199 3802 εὐθὺς
1220 3721 1309 3808 ἥκων

188 3824 240 3894 ἕλε
266 3849 315 3893 ον.

243 3855 405 3996 yAbolita
426 3937 475 3996 est
497 3929 598 4016 igitur
616 3930 793 4015 impunitas
807 3951 865 4014 per
887 3925 1105 4016 εἰσαγγελίαν
1126 3931 1310 3996 accusantis

187 4032 274 4098 inter
295 4033 345 4100 01.
369 4034 440 4118 109,
465 4035 481 4096 1
505 4033 557 4097 vel
578 4035 598 4098 2
621 4038 654 4098 et
676 4031 726 4097 01.
751 4033 822 4116 110,
844 4034 864 4097 3
887 4033 937 4098 vel
958 4035 988 4098 4.
1010 4033 1059 4099 Eo
1082 4034 1199 4118 spati0,
1222 4033 1311 4118 quod
