3190 5002
637 381 848 454 ...19-

183 554 313 628 ensibus
338 558 513 647 persuasit,
541 565 580 626 nt
610 561 812 647 expellerent
839 567 1007 646 tyrannos,
1038 577 1151 626 eorum
1178 555 1305 646 legatie,
1390 583 1392 587 ⁴

184 687 264 748 quos
293 664 470 730 Aeschines
499 662 709 749 hospitaliter
735 668 944 748 exceperas),
980 662 1172 748 repudiatis.
1226 663 1307 728 Cum

183 766 450 834 Chalcidensibus
477 772 511 831 et
531 765 777 850 Megarensibus
808 766 973 850 conjuncti
995 765 1142 846 oreuma
1169 766 1309 851 profecti

183 876 261 936 sunt
284 868 547 954 Cephisophonte
569 869 661 953 duce,
691 867 896 934 Philistidem
911 950 913 955 Ι
926 867 1123 950 occiderunt,
1146 867 1308 933 Phocione

183 973 264 1038 duee
286 971 488 1038 Clitarchum
510 972 709 1038 devicerunt.
738 972 787 1037 De
809 972 909 1038 tertia
930 970 1135 1055 expeditione
1147 969 1308 1035 Diodorus
1384 1001 1388 1008 ·

183 1073 244 1141 Sic.
268 1073 355 1158 XVI,
387 1075 428 1138 74
449 1075 510 1140 hoe
532 1079 661 1140 tantum
683 1073 803 1140 tradit:
840 1070 889 1136 ἐπ’
917 1070 1077 1159 ἄρχοντος
1107 1069 1307 1156 δ’Ὰθήνησι

183 1176 483 1263 Νικομάχουτ-ἐνιὶ
505 1179 540 1242 δὲ
563 1174 690 1243 τούτων
714 1176 859 1241 Φωκίων
880 1172 979 1260 μὲνὸ
1002 1170 1183 1252 Ἀθηναῖος
1205 1197 1308 1238 κατε-

85 1333 90 1342 .
182 1280 347 1364 πολέμησε
363 1276 571 1366 Κλείταρχον
593 1278 654 1345 τὸν
675 1275 840 1366 Ἐρετρίας
853 1277 1026 1361 τύραννον,
1046 1277 1309 1361 καθεσταμένον

183 1379 246 1446 ind
272 1380 442 1446 Φιλίππου
462 1385 639 1465 statimque
660 1381 810 1447 Perinthi
831 1379 1050 1446 obsessionem
1072 1378 1251 1463 subjungit.

268 1482 461 1550 Schaeferus
483 1486 525 1551 ad
547 1485 681 1550 tertiam
692 1469 1120 1569 expeditionem‘Euboioam
1131 1481 1306 1566 Hyperidis

183 1587 389 1671 largitionem
416 1586 527 1652 refert.
569 1588 657 1652 Dicit
678 1586 861 1652 Boeckhius
892 1585 931 1650 de
959 1586 1056 1650 inser.
1080 1605 1153 1651 nav.
1176 1608 1208 1670 p.
1234 1585 1305 1667 190,

182 1710 255 1754 cum
283 1689 465 1774 Hyperides
492 1689 692 1756 trierarchus
726 1689 825 1754 luerit
853 1687 1015 1753 Phocione
1048 1687 1139 1771 duce,
1169 1687 1307 1771 cogitari

182 1813 288 1876 posse,
317 1813 392 1855 eum
414 1791 628 1875 expeditionis
650 1791 815 1857 Euboicae
837 1792 965 1873 tertiae,
993 1796 1108 1875 postea
1129 1790 1307 1874 Byzantiae

182 1895 375 1980 participem
397 1892 511 1975 fuisse3
545 1894 632 1977 quod
661 1895 689 1958 si
716 1895 764 1958 ita
793 1895 846 1976 sit,
867 1892 1044 1958 Euboicam
1065 1892 1156 1958 illam
1179 1891 1307 1978 expedi·

182 1997 305 2060 tionem
326 2015 391 2058 non
419 1993 469 2058 01.
494 1995 564 2078 100,
586 1997 617 2079 4,
647 2001 685 2059 ut
705 1996 818 2060 tradat
840 1995 1010 2078 Diodorus,
1037 1996 1095 2060 sed
1118 1994 1167 2059 01.
1192 1996 1263 2078 110,
1287 1995 1304 2059 1

182 2096 303 2162 factam
332 2117 411 2161 esse.
454 2097 585 2163 Laudat
611 2098 673 2163 hoc
699 2096 909 2180 Schaeferus3
946 2098 1003 2162 sed
1031 2098 1127 2164 modo
1155 2097 1306 2180 vidimus,

183 2303 309 2372 λομένους
334 2301 478 2367 σώζεσθαι,
503 2300 564 2356 τότε
586 2307 638 2371 μὲν
655 2305 761 2372 τιίμψας
777 2301 840 2361 τοῦς
862 2302 917 2371 μετ’
938 2300 1093 2374 Εὐρυλόχου
1111 2305 1207 2366 ξένους,
1226 2300 1303 2352 πάλιν

183 2390 212 2441 dl
234 2389 296 2446 τοῦς
318 2388 384 2457 μετὰ
412 2395 607 2459 Παρμενίωνος.
634 2391 678 2439 καὶ
701 2397 731 2442 τί
752 2392 792 2441 δεῖ
814 2389 846 2440 τὰ
873 2389 956 2442 πολλὰ
979 2392 1075 2457 λε’χεινς
1102 2387 1157 2440 ἀλλ’
1177 2395 1203 2442 ἐν
1217 2387 1303 2457 Ὠρεῷ

186 2477 341 2542 Φιλιστίδης
356 2479 405 2542 μὲν
423 2479 535 2544 Inpurus
556 2478 684 2543 Φιλίππῳ
703 2481 753 2530 etc.
773 2476 806 2529 cf.
825 2476 905 2531 Dem.
924 2475 1028 2542 XVIII,
1047 2477 1089 2532 71.
1109 2478 1152 2530 81.

252 2613 274 2685 ¹)
292 2613 372 2668 Dem.
391 2613 496 2679 XVIII,
515 2617 565 2669 82:
590 2617 615 2664 οἱ
632 2612 683 2681 γὰρ
702 2613 776 2683 παρὰ
799 2615 847 2666 τοῦ
866 2610 1031 2683 Κλειτάρχου
1055 2611 1161 2666 καὶτοῦ
1184 2614 1304 2662 Φιλιστί-

184 2702 230 2754 δου
247 2697 309 2754 τύτε
327 2703 448 2768 πρέσβεις
467 2697 534 2769 δεῦρ’
554 2697 741 2768 ἀφικνούμενοι
759 2699 833 2767 παρὰ
860 2703 901 2752 σοὶ
918 2705 1051 2770 κατέλυον,
1071 2702 1194 2768 Αἰσχίνη,
1212 2700 1256 2749 καὶ
1274 2696 1305 2750 σύ

183 2786 329 2859 προύξένεις
346 2786 432 2841 αὐτῶν
450 2793 500 2840 etc.
520 2786 553 2839 cf.
572 2784 703 2840 Steehowi
720 2787 782 2840 diss.
801 2788 835 2841 de
853 2787 900 2842 vit.
919 2787 1016 2841 Aesch.
1035 2805 1063 2858 p.
1083 2786 1114 2842 71
1132 2802 1191 2857 sqq.

253 2925 275 2996 ²)
292 2924 375 2978 schol.
393 2924 428 2978 ad
444 2923 541 2978 Aesch.
559 2923 612 2990 111,
631 2929 674 2979 85.
692 2929 740 2980 86:
766 2928 791 2976 ol
808 2927 836 2978 δὲ
854 2927 906 2978 υἱοὶ
923 2923 1003 2982 aava.)
1022 2921 1208 2994 (Μνησάρχου)
1228 2924 1305 2975 Καλ-

185 3013 244 3069 λίας
261 3013 305 3062 καὶ
326 3014 525 3080 Ταυροσθένης,
542 3011 609 3080 μετὰ
627 3014 840 3080 Κηφισοφῶντος
856 3015 903 3066 τοῦ
922 3015 1073 3083 στρατηγοῦ
1090 3013 1142 3062 τῶν
1155 3011 1306 3076 Ἀθηναίων
1344 3007 1349 3018 ’

185 3094 323 3167 δυνάμεως
346 3094 555 3168 στρατεύσαντες
578 3097 614 3149 ἔνι’
637 3096 735 3167 Ὠρεὸν
762 3101 917 3166 Φιλιστίδην
939 3100 987 3154 τὸν
1009 3097 1137 3169 τύραννον
1155 3097 1308 3150 ἀπέκτειναν

184 3186 228 3239 sal
245 3186 372 3255 ἄρχοντος
390 3183 518 3255 Ἀθήνησι
525 3181 759 3254 Λεξίυπσυβαααο
767 3185 920 3256 Νικομάχου
929 3186 1075 3257 Schulzius)
1093 3188 1156 3254 μηνὶ
1175 3190 1308 3256 Σκιροφο-

185 3273 260 3342 ριῶνι
286 3275 420 3324 Φιλίππου
445 3268 630 3342 βασιλεύοντος
649 3275 704 3329 aar
727 3271 768 3324 ιδ’
787 3272 805 3327 i.
825 3293 849 3328 e.
869 3273 913 3327 Ol.
934 3277 992 3339 109,
1011 3277 1042 3338 3;
1061 3273 1111 3326 hoc
1129 3281 1219 3326 autem
1236 3289 1306 3326 anno

183 3376 238 3412 non
255 3355 443 3423 Nicomachus,
462 3359 510 3412 sed
527 3358 667 3428 Sosigenes
685 3356 783 3412 archon
800 3359 851 3412 icit
868 3359 900 3414 cf.
921 3359 951 3413 0.
970 3359 1017 3412 Fr.
1036 3359 1186 3412 Hermanni
1203 3358 1305 3429 antiqq.

183 3444 207 3498 Ι.
226 3461 254 3514 p.
274 3446 333 3501 576.
368 3443 545 3499 Nicomachus
569 3445 690 3516 proximo
709 3463 779 3498 anno
796 3445 846 3498 hoo
863 3440 974 3498 munere
991 3444 1155 3499 iunctus'est
1172 3445 1205 3498 cf.
1224 3444 1307 3499 schol.

184 3529 219 3583 ad
236 3531 261 3597 ξ.
282 3533 345 3585 103:
371 3534 417 3583 ἐπὶ
440 3532 565 3601 ἄρχοντος
589 3530 744 3601 Νικομάχου
765 3534 896 3584 Φιλίππου
914 3528 1099 3600 βασιλεύοντος
1117 3535 1172 3589 loos
1189 3530 1307 3584 είκοστὸν

178 3615 320 3681 Ἀθηναῖοι
344 3615 547 3686 στρατεύσαντες
570 3620 605 3673 εἰς
623 3619 744 3686 Ιίύβοιαν
765 3623 902 3675 Φωκίωνος
921 3621 1132 3688 στρατηγοῦντος
1148 3615 1196 3671 τόν
1213 3639 1241 3668 τε
1258 3615 1306 3672 τύ-

182 3722 276 3774 ραννον
293 3704 346 3753 τῶν
359 3701 511 3775 Ἐρετριέων
522 3706 686 3775 Κλείταρχον
698 3703 848 3768 ἀπέκτειναν
866 3708 909 3757 καὶ
926 3705 973 3770 τὴν
990 3703 1070 3758 πόλιν
1078 3713 1133 3764 τοῖς
1148 3705 1310 3776 Ἐρετριεῦσι

182 3791 337 3861 παρέδωκαν
355 3792 398 3840 καλ
415 3793 595 3861 δημοκρατίαν
613 3796 784 3858 κατέστησαν.
805 3793 917 3847 Charax.
937 3792 1028 3846 chron.
1041 3793 1074 3846 fr.
1088 3796 1137 3849 31:
1156 3792 1306 3864 (Aristoph.

182 3876 247 3948 Byz.
266 3895 287 3931 s.
307 3895 333 3930 v.
347 3875 455 3948 Ὡρεός)
469 3879 609 3944 Ἀθηναῖοι
618 3878 675 3948 ἅμα
689 3880 851 3934 Χαλκιδεῦσι
868 3888 925 3939 τοῖς
943 3884 969 3932 ἐν
982 3878 1086 3947 Εὐβοίᾳ
1104 3882 1146 3930 καλ
1153 3883 1310 3950 Μεγαρεῦσι

185 3961 388 4034 πρωτεύσαντες
406 3967 442 4023 είς
461 3965 559 4036 Ὠρεὸν
580 3968 735 4033 Φιλιστίδην
752 3967 799 4020 τὸν
816 3965 942 4036 τύραννον
960 3963 1111 4020 οἷπέκτειναν
1129 3970 1172 4019 καλ
1188 3967 1311 4037 Ὠρείτας

185 4046 379 4123 ἠλευθέρωσαν.

962 4103 1104 4194 ,2.
