3190 5002
735 356 947 422 „50-

370 529 466 595 Corn.
479 529 559 613 Nep.
575 528 730 595 Themist.
747 529 825 595 VIII
854 529 1102 596 Lacedaemonii
1118 530 1243 612 legatos
1260 527 1406 594 Athenas

285 632 454 716 miserunt,
484 634 540 716 qui
571 654 643 697 eum
669 632 836 698 absentem
864 638 1065 717 accusarent,
1096 631 1183 716 quod
1218 632 1407 696 societatem

285 758 358 800 cum
385 756 461 820 rege
482 735 654 800 Persarum
677 735 719 799 ad
741 734 913 802 Graeciam
940 735 1185 822 opprimendam
1215 734 1344 799 fecisset
1366 733 1407 798 cf.

285 837 493 904 PlutThem.
516 859 542 902 o.
564 839 622 902 23:
646 835 665 902 ὁ
688 841 723 904 δὲ
745 838 962 925 γραψάμενος
985 835 1091 905 αὐτόν
1112 833 1295 925 προδοσίας
1312 836 1407 900 Λεω-

284 940 383 1027 βότης
405 925 448 1020 ἦν
464 937 690 1017 Ἀλκμαίωνος
704 936 912 1030 Ἀγρυλῆθεν
928 937 1000 1025 άμα
1018 940 1325 1022 συνεπαιτιωμένων
1344 941 1409 1004 τῶν

285 1041 529 1128 Σπαρτιατῶν.
572 1043 658 1108 Plut.
680 1044 778 1108 Arist.
802 1068 827 1108 c.
849 1045 907 1110 25:
938 1043 998 1110 ούκ
1023 1042 1302 1125 ἐμνησικάκησεν,
1331 1040 1407 1106 aar

285 1140 510 1229 Ἀλκμαίωνος
540 1147 596 1209 καὶ
625 1145 778 1230 Κίμωνος
809 1149 868 1212 καὶ
899 1145 1032 1222 πολλῶν
1061 1145 1175 1212 ἄλλων
1203 1141 1410 1211 ἐλαυνόντων

288 1249 347 1310 καὶ
372 1244 651 1333 κατηγορούντων
678 1247 780 1332 μόνος
805 1249 1007 1337 Ἀριστείδης
1028 1245 1097 1315 οὔτ’
1127 1246 1250 1332 ἔπραξέ
1279 1271 1314 1311 τι
1338 1243 1409 1312 οὔτ’

287 1337 358 1412 εἶπε
381 1349 521 1435 φαῦλον.
564 1347 763 1416 Ilubitantcr
785 1353 924 1436 conjecit
946 1353 1120 1418 Meierusl
1153 1349 1407 1415 1.άλλάΛεω-

284 1446 386 1537 βότου
411 1453 470 1514 τοῦ
491 1449 726 1536 Ἀλκμαίωνος.
749 1455 900 1519 Ridicula
922 1460 972 1520 est
992 1476 1099 1538 causa,
1123 1476 1180 1518 cur
1200 1450 1409 1516 hocfecerint

286 1551 544 1636 Lacedaemonii,
569 1576 665 1636 quam
688 1556 784 1620 affert
805 1557 898 1621 Diod.
921 1556 982 1621 Sic.
1006 1557 1063 1638 ΧΙ,
1082 1555 1133 1619 54.
1159 1554 1292 1638 Spectat
1308 1555 1410 1636 igitur

286 1654 366 1720 haec
389 1676 487 1719 cansa
509 1656 551 1719 ad
573 1658 768 1738 proditionis
791 1655 1013 1742 εἰσαγγελίας,
1036 1679 1118 1741 quas
1139 1656 1235 1723 modo
1258 1657 1365 1720 attuli.

486 1757 568 1822 Poll.
595 1760 614 1821 l.
639 1760 660 1823 l.
695 1761 782 1826 κατά
812 1761 875 1825 τάιν
903 1760 984 1846 πρὸς
1013 1761 1093 1835 τούς
1121 1757 1298 1845 πολεμίους
1328 1755 1408 1824 άνευ

439 1863 498 1926 τοῦ
520 1862 724 1946 πεμφθῆναι
746 1860 980 1929 άπελθόντων·

368 1962 477 2028 Etiam
505 1963 665 2046 ejusmodi
696 1966 817 2031 delicta
845 1988 904 2049 per
925 1961 1139 2050 εἰσαγγελίαν
1163 1963 1282 2028 deferri
1304 1984 1408 2048 posse,

284 2065 449 2129 nonnullis
479 2066 639 2150 probatur
668 2069 879 2150 testimoniis3
916 2068 976 2132 has
1006 2067 1269 2132 denuntiationes
1299 2071 1409 2130 autem

285 2164 500 2251 εἰσαγγελίας
516 2189 580 2232 non
604 2167 884 2256 παραπρεσβείας,
907 2170 964 2234 sed
986 2165 1171 2255 προδοσίας
1186 2168 1297 2251 fuisse,
1319 2169 1408 2233 lucu-

283 2269 390 2334 lenter
418 2272 557 2354 apparet
580 2291 597 2333 e
620 2291 718 2334 causa
746 2270 968 2355 Antiphontis.
1012 2271 1202 2352 Alloquitur
1231 2270 1409 2336 Aeschines

284 2372 534 2437 Demosthenem
564 2373 605 2454 ΙΙ,
630 2373 708 2435 139ε
740 2371 985 2460 πρεσβεύοντος
1015 2373 1094 2456 ἐμοῦ
1116 2372 1178 2452 την
1200 2371 1319 2459 τρίτην
1341 2368 1407 2452 ἤδη

284 2471 461 2560 πρεσβείαν
489 2474 543 2538 ἐπὶ
567 2474 604 2540 τό
628 2472 742 2539 κοινόν
765 2475 830 2541 τῶν
851 2472 1108 2564 Ἀμφικτυόνων,
1141 2475 1193 2564 ἐφ’
1215 2473 1256 2552 ἢν
1279 2473 1409 2558 τολμᾷς

283 2599 323 2660 με
352 2576 457 2657 λέγειν
481 2573 521 2651 άς
543 2575 581 2641 οὐ
601 2577 852 2662 χειροτονηθεὶς
875 2574 1017 2666 ᾠχόμην,
1045 2577 1171 2663 ἐχθρός
1194 2573 1224 2645 δ’
1245 2571 1291 2643 ὢν
1317 2572 1409 2642 ούπω

206 2675 207 2680 ’
283 2678 340 2740 καὶ
361 2674 505 2762 τήμερον
527 2675 707 2758 ἠθέληκάς
729 2703 770 2760 με
794 2674 999 2763 εἰσαγγεῖλαι
1020 2678 1409 2766 παραπρεσβεύσασθαις

283 2779 373 2844 Dem.
396 2779 483 2862 ΧΙΧ,
508 2781 570 2844 103
594 2802 664 2864 sqq.
688 2781 728 2844 de
750 2781 912 2864 legatione
934 2782 1018 2845 male
1040 2787 1133 2864 gesta
1152 2782 1194 2846 ad
1205 2781 1408 2866 Philippum:

284 2878 314 2944 εί
327 2882 366 2964 γε’
389 2905 423 2945 τι
447 2885 510 2946 τῶν
532 2879 774 2967 προσηκόντων
796 2881 951 2967 ἐγίγνετο,
975 2882 1010 2948 ἐν
1032 2881 1227 2969 εἰσαγγελίᾳ
1249 2879 1355 2947 πάλαι
1367 2875 1409 2948 άν

283 2974 326 3064 ἦν
349 2982 388 3048 of.
411 2983 500 3048 Dem.
516 2983 603 3068 XIX,
617 2984 677 3048 127
694 3006 741 3068 sq.
758 2985 798 3049 de
811 3005 917 3069 poena
935 2986 1014 3068 ejus,
1039 2987 1095 3068 qui
1109 2986 1171 3050 hoc
1188 2986 1408 3050 commiserat:

282 3082 569 3169 ὑπολογισάμενος
583 3084 661 3152 οὔθ’
679 3082 731 3152 ότι
748 3085 952 3171 πρεσβευτὴς
967 3083 1071 3163 ἄλλος
1086 3083 1187 3177 ιἥρητο
1203 3086 1409 3167 άνθάύτοῦ,

285 3183 369 3254 οὔθ’
401 3182 453 3253 ότι
482 3189 546 3251 τῶν
572 3185 729 3253 τοιούτων
752 3185 769 3253 ό
792 3186 891 3270 νόμος
913 3186 1071 3254 θάνατον
1093 3189 1157 3266 την
1180 3186 1301 3273 ζημίαν
1322 3177 1408 3253 εἶναι

284 3287 420 3356 κελεύει.
446 3329 489 3337 --
513 3287 620 3354 καίτοι
649 3288 751 3362 τοῦτ’,
784 3288 845 3378 άφ’
875 3283 913 3353 ού
939 3290 1075 3372 γέγονεν
1102 3291 1122 3369 ri
1152 3290 1266 3366 πόλις,
1297 3291 1409 3366 οὐδεὶς

285 3389 419 3456 πώποτε
450 3389 551 3479 φήσει
582 3394 716 3456 παθεῖν
748 3392 889 3466 ου’δένας
919 3391 1177 3480 πρέσβειςιούόὲ
1203 3391 1407 3478 Τιμαγόραν,

285 3487 324 3558 ού
351 3493 511 3558 θάνατον
540 3493 849 3580 κατεχειροτόνησεν
877 3489 896 3558 ό
927 3492 1053 3578 ὃῆμοςς
1088 3502 1258 3561 aecusatus
1287 3501 1358 3560 erat
1388 3517 1409 3560 a

284 3596 419 3679 Leonte,
443 3595 530 3679 quod
552 3603 725 3681 corruptus
747 3603 818 3663 erat
839 3599 873 3662 in
895 3597 1058 3682 legatione
1081 3619 1101 3662 a
1122 3597 1284 3683 Philippo.

368 3698 541 3781 Reliquum
576 3705 642 3782 est,
679 3705 716 3766 ut
751 3721 883 3765 causam
916 3699 1130 3784 Antiphontis
1166 3700 1408 3785 Archeptolemi

285 3800 470 3865 Onomaolis
493 3801 635 3867 afferam.
658 3801 709 3867 Ps.
731 3801 927 3868 Plutarchus
948 3823 980 3884 p.
1003 3803 1065 3867 833
1087 3803 1115 3866 E
1137 3810 1252 3869 narrat
1264 3803 1324 3868 hos
1339 3804 1407 3868 sine

284 3902 416 3987 publica
431 3904 628 3968 auctoritate
637 3925 654 3968 e
663 3906 780 3969 castris
793 3904 908 3968 hostili
921 3926 1003 3969 nave
1012 3906 1407 3990 vectosetperDeceleam

284 4005 325 4073 ab
355 4003 504 4070 hostibus
542 4011 733 4090 occupatam
762 4005 900 4092 pedibus
924 4007 1100 4098 profectos
1132 4008 1407 4076 Lacedaemonem
