3190 5002
651 400 864 465 -63-

280 566 434 635 Fortasse
463 565 548 634 hanc
577 567 789 654 εἰσαγγελίας
817 572 899 658 legis
926 576 1064 656 partem,
1094 593 1177 656 quae
1208 579 1257 639 est
1280 568 1320 640 de

196 673 390 756 oratoribus,
412 664 534 738 ironice
556 672 719 758 significat
741 674 855 759 Lysias
879 697 924 741 or.
946 674 1049 758 XXX,
1072 677 1132 740 22:
1161 672 1181 754 η
1209 674 1318 760 βουλά

194 775 216 854 ἡ
240 773 293 842 άεὶ
309 773 525 858 βουλεύουσα,
538 771 622 842 ὅταν
636 780 697 856 μὲν
710 775 768 862 ἔχη
788 779 888 843 ἱκανά
906 776 1068 864 χρήματα
1082 771 1130 852 εἰς
1142 779 1320 860 διοίκησιν,

196 879 294 944 οὐδὲν
308 873 539 964 ἐξαμαρτάνει,
562 869 647 942 ὅταν
663 881 698 945 δὲ
716 877 766 955 εἰς
780 877 927 970 υἰπορίαν
943 881 1110 971 καταστῇ,
1131 878 1287 963 άναγκάζ
1306 917 1319 928 -

197 1005 256 1046 ται
278 977 489 1062 εἰσαγγελίας
512 981 678 1066 δέχεσθαι
701 983 758 1045 καὶ
781 982 938 1067 δημεύειν
960 981 1003 1046 τοί
1029 982 1090 1045 τῶν
1101 982 1247 1047 πολιτῶν
1262 983 1320 1046 καὶ

197 1085 261 1149 τῶν
283 1080 432 1170 ῥητόρων
447 1085 517 1157 τοῖς
539 1082 583 1147 τά
597 1083 809 1170 πονηρότατα
829 1084 959 1168 λέγουσι
981 1081 1186 1149 πείθεσθαι.
1208 1084 1322 1150 Eidem

197 1187 309 1271 generi
322 1184 551 1250 attribuendae
568 1192 645 1251 sunt
656 1183 867 1270 εἰσαγγελίαι
879 1208 1000 1271 eorum,
1024 1187 1079 1269 qui
1095 1185 1322 1251 calumniando

201 1294 350 1354 senatum
372 1289 569 1372 populumve
590 1290 624 1352 in
647 1289 794 1354 fraudem
817 1279 1022 1354 induxerant.
1045 1289 1132 1353 Isocr
1163 1287 1234 1372 XV,
1244 1289 1323 1354 314:

197 1391 277 1476 περὶ
314 1392 378 1456 τῶν
416 1393 635 1478 συκοφαντῶν
670 1391 922 1478 χαλεπωτέρους
954 1384 977 1470 ἢ
1009 1392 1083 1478 περὶ
1116 1391 1181 1455 τῶν
1211 1386 1323 1455 ἄλλων

200 1490 420 1582 [κακούργων]
450 1491 530 1568 τούς
559 1488 683 1578 νόμους
713 1489 852 1566 ἔθεσαν,
883 1495 951 1568 τοῖς
976 1496 1037 1578 μὲν
1063 1491 1128 1579 γάρ
1150 1491 1324 1578 μεγίστοις

199 1597 264 1661 τῶν
277 1590 498 1678 ἀδικημάτων
511 1596 544 1661 ἕν
557 1593 604 1662 ἑνὶ
618 1597 681 1660 τῶν
696 1592 919 1681 δικαστηρίων
933 1594 995 1669 τάς
1012 1594 1134 1679 κρίσεις
1149 1592 1323 1674 ἐποίησαν.

200 1694 293 1764 κατά
314 1697 351 1760 δὲ
373 1695 503 1764 τούτων
524 1697 660 1788 γραφάς
682 1703 741 1781 μὲν
771 1699 851 1784 πρὸς
878 1695 957 1774 τούς
980 1696 1222 1782 θεσμοθέτας,
1254 1693 1322 1761 εἰσ-

199 1796 361 1886 αγγελίας
392 1799 421 1864 δ’
451 1795 499 1874 εἰς
528 1799 588 1880 την
616 1799 754 1884 βουλήν,
784 1799 955 1884 προβολάς
978 1799 1008 1867 δ’
1029 1799 1064 1864 ἐν
1087 1802 1134 1884 τῷ
1157 1793 1262 1889 δήμῳ.
1285 1797 1324 1863 cf.

199 1908 285 1968 auct.
314 1903 375 1966 lex.
397 1901 482 1967 rhet.
507 1901 676 1968 Cantabr.:
712 1900 797 1968 ἔνιοι
827 1905 863 1968 δὲ
890 1905 953 1968 τῶν
981 1899 1128 1989 ῥητόρων
1156 1895 1325 1967 εἰώθεσαν

201 2006 318 2071 καλεῖν
333 2007 392 2068 καὶ
405 2009 447 2068 τά
461 2003 507 2089 μη
524 2001 657 2090 μεγάλα
670 2002 868 2088 άδικηματα
883 1999 1107 2089 εἰσαγγελίαν·
1130 2000 1205 2070 ἔστι
1224 2001 1253 2070 δ’
1265 1995 1324 2069 ὅτε

199 2104 432 2193 ἐμβάλλοντες
443 2103 523 2182 τούς
535 2106 871 2194 συκοφαντουμένους
883 2105 1212 2194 (τούςέμβάλλοντας
1223 2127 1323 2171 συκο-

199 2210 358 2294 φαντίαις
378 2209 519 2276 Meierus
542 2211 563 2274 1.
586 2210 620 2292 l.)
646 2208 863 2294 είσηγγειλου.

286 2313 503 2396 Intelligimus
527 2334 566 2378 ex
589 2315 735 2378 oratione
758 2313 944 2397 Hyperiden
972 2334 1032 2396 pro
1054 2312 1246 2396 Euxenippo
1270 2309 1324 2374 ad·

200 2414 341 2480 hibitam
364 2435 434 2479 esse
456 2415 541 2479 hanc
569 2415 650 2499 legis
672 2420 800 2498 partem
823 2416 922 2480 etiam
943 2414 985 2480 ad
1008 2409 1141 2489 ἰδιώτας
1161 2412 1201 2478 cf.
1224 2433 1250 2478 c.
1272 2413 1325 2494 40,

202 2518 237 2582 7:
269 2515 309 2582 σύ
332 2517 362 2584 δ’
385 2513 408 2580 δι’
435 2521 496 2600 μὲν
528 2513 636 2581 εἰπεῖν
657 2513 865 2593 Εὐξένιππον
894 2516 962 2604 φης
990 2516 1030 2582 ού
1060 2515 1104 2581 τά
1134 2512 1256 2601 ἄριστα
1278 2509 1326 2598 τῷ

202 2618 297 2708 δημῳ
319 2615 377 2684 ούκ
400 2607 481 2705 εἶχες
503 2619 637 2708 γράψαι
650 2617 700 2695 είς
720 2618 782 2696 την
796 2615 1023 2703 εἰσαγγελίαν,
1046 2613 1183 2696 ἰδιώτην
1197 2618 1227 2682 δ’
1242 2615 1325 2683 ὄντα

200 2722 323 2808 κρίνεις
352 2723 386 2787 ἐν
409 2724 448 2813 τῇ
470 2724 532 2788 τοῦ
558 2716 700 2808 ῥήτορος
730 2719 832 2800 τάξει.
875 2721 952 2786 Fuit
973 2722 1026 2786 lex
1054 2722 1192 2805 antiqua
1214 2719 1254 2784 de
1275 2719 1326 2804 iis,

204 2826 261 2908 qui
282 2825 466 2910 promissis,
483 2846 566 2908 quae
589 2824 744 2909 fecerant,
767 2846 833 2889 non
855 2825 1017 2907 steterint,
1039 2845 1137 2909 quam
1158 2823 1208 2888 bis
1230 2822 1327 2887 affert

203 2927 439 2993 Demosthenes
465 2926 536 3010 XX,
562 2928 637 2991 100:
672 2923 744 2991 ἔστι
766 2929 802 2994 δὲ
825 2924 933 3006 δήπου
954 2925 1060 3010 νόμος
1080 2927 1170 3012 ύμῖν,
1193 2924 1253 2989 ἐάν
1276 2947 1326 3000 τις

202 3027 433 3116 ύποσχύμενός
457 3051 488 3092 τι
511 3028 571 3094 τόν
594 3033 704 3114 δῆμον
728 3022 751 3108 η’
769 3028 893 3117 βουλην
915 3022 937 3108 ἢ
960 3027 1182 3112 δικαστήριον
1203 3023 1326 3105 ἐξαπα-

202 3129 306 3219 τησηγ
328 3130 369 3194 τά
392 3128 518 3218 ἔσχατα
541 3130 693 3219 πάσχειν.
716 3131 834 3214 ἐ.135;
858 3129 954 3196 ἔστιν
975 3129 1056 3216 ύμῖν
1072 3129 1176 3217 νόμος
1192 3129 1328 3214 ἀρχαῖος

203 3235 268 3300 τῶν
295 3235 407 3308 καλῶς
436 3232 625 3302 δοκούντων
652 3233 755 3320 ἔχειν,
793 3232 836 3298 ἄν
865 3227 915 3310 τις
952 3231 1179 3320 ὑποσχόμενός
1210 3255 1241 3296 τι
1268 3231 1327 3298 τὸν

203 3337 312 3420 δῆμον
322 3334 529 3428 ἐξαπατήσῃ,
551 3334 684 3422 κρίνειν,
708 3333 868 3420 κάνάλῴ,
890 3335 1036 3426 θανάτῳ
1050 3337 1199 3420 ζημιοῦν.
1220 3334 1326 3419 Hujus

202 3439 333 3504 sceleris
362 3439 458 3523 culpa
486 3444 617 3504 tenetur
646 3439 851 3522 Timotheum
877 3439 1092 3524 jurejurando
1119 3439 1154 3503 in
1176 3439 1327 3505 contione

202 3561 273 3606 sese
295 3539 507 3625 obligaverat,
529 3541 727 3627 Iphicratem
746 3548 974 3608 accusaturum
996 3564 1030 3606 se
1052 3563 1121 3608 esse
1139 3538 1255 3618 ξενίας,
1270 3540 1327 3606 sed

201 3643 315 3729 paullo
330 3650 405 3726 post
427 3643 495 3710 filio
519 3645 588 3729 ejus
610 3644 645 3708 in
666 3644 910 3710 matrimonium
926 3645 1062 3710 dederat
1076 3643 1187 3710 filiam.
1212 3639 1326 3732 [Dum]

201 3745 318 3828 XLIX,
336 3747 377 3812 66
389 3769 452 3830 sq.:
475 3742 513 3822 ὂς
535 3733 595 3812 οὖν
616 3743 695 3810 οὔθ’
716 3743 803 3830 ὑμᾶς
824 3745 979 3836 ᾐσχύνθη
994 3744 1204 3826 ἐξαπατῆσαι
1220 3741 1327 3812 ύποσ·

196 3847 347 3936 χόμενος,
371 3847 481 3933 νόμων
504 3847 623 3929 ὄντων,
644 3847 703 3914 aa
728 3872 777 3924 τις
801 3849 856 3914 τόν
879 3851 987 3933 δῆμον
1010 3846 1234 3936 ὑποσχόμενος
1250 3847 1325 3925 ἑξα-

202 3948 352 4039 πατήση,
376 3949 591 4036 εἰσαγγελίαν
613 3939 699 4014 εἰναι
723 3953 796 4036 περὶ
820 3949 926 4016 αὐτου
947 3960 1007 4018 etc.
1051 3951 1218 4018 Prioribus
1247 3951 1326 4015 locis

200 4054 435 4122 Demosthenes
446 4060 756 4138 nonoommemorat,
766 4049 1091 4139 εἰσαγγελίανλοοοευ
1100 4051 1328 4120 habereintali
