3190 5002
205 555 250 634 είς
260 578 353 633 τινας
368 552 555 641 δυσχωρίας
569 556 878 647 κατακεκλῃμένον,
891 550 977 622 ὅθεν
986 553 1032 642 μή
1045 552 1204 636 νικήσασι
1218 556 1330 645 μάχην

207 659 267 727 οὐκ
291 653 333 740 ἦν
354 657 563 746 ἀναχώρησις
589 657 669 726 οὐδὲ
688 656 851 746 βοηθείας
872 659 964 736 ἐλπὶς
985 657 1051 726 οὔτ’
1076 660 1113 724 ’ἐκ
1131 665 1191 746 γῆς
1206 655 1276 725 οὔτ’
1292 659 1328 724 ἐκ

204 762 389 843 θαλάττης
417 765 616 851 συναγείρας
645 759 680 840 ἐξ
710 759 847 843 ἁπάσης
873 764 931 840 τῆς
958 761 1111 848 Εὐβοίας
1140 769 1200 828 etc.
1230 762 1330 828 schol.

203 867 245 934 ad
280 867 370 934 Dem.
407 866 494 950 XXI,
527 868 603 931 110:
647 862 917 941 ὑποπτεύσαντες
948 855 1007 931 οὖν
1041 870 1072 932 οἱ
1102 864 1244 950 Εὐβοεῖς
1276 865 1330 930 ἐπὶ

202 967 451 1034 καταδουλώσει
483 969 540 1048 τῆς
570 966 673 1048 νήσου
700 949 952 1058 βεβοηθηκέναι
975 970 1033 1033 καὶ
1064 966 1104 1034 οά
1127 969 1184 1035 διά
1209 968 1272 1050 τήν
1295 966 1329 1046 ἐξ

203 1071 310 1159 άρχῆς
336 1070 452 1159 φιλίαν
480 1071 687 1152 άπέστησαν.
731 1073 804 1157 lpse
834 1071 991 1155 concedit,
1019 1093 1085 1136 non
1111 1071 1287 1138 abhorrere
1309 1093 1329 1137 a

203 1178 271 1244 veri
299 1175 532 1258 similitudine,
568 1196 659 1240 arma
688 1175 864 1259 sumpsisse
892 1174 1099 1240 Eubocenses
1129 1175 1327 1260 indignatos,

203 1279 290 1362 quod
312 1300 385 1346 cum
407 1279 554 1362 tyrannis
577 1278 766 1344 societatem
791 1277 927 1343 inierint
941 1276 1167 1361 Athenienses,
1190 1285 1222 1342 et
1245 1278 1327 1342 Tau-

201 1382 387 1448 rosthenem
409 1380 591 1447 Phocenses
620 1381 861 1446 mercennarios
883 1369 1097 1464 arcessivisse,
1128 1382 1216 1464 quod
1237 1381 1328 1446 scho-

201 1484 300 1550 liasta
314 1485 416 1550 tradit
439 1483 553 1549 Aesch.
576 1484 632 1566 lll,
656 1483 714 1548 86:
737 1480 846 1572 τούτῳ
870 1481 1105 1572 (Πλουτάρχῳ)
1122 1480 1328 1568 Κλείταρχος

203 1584 314 1676 φυγάς
337 1581 382 1652 άίυ
403 1582 439 1664 ἕξ
460 1582 627 1672 Ἐρετρίας
649 1585 806 1670 ἐπολέμει
830 1587 886 1650 καί
909 1584 1021 1670 λαβών
1039 1586 1131 1672 παρά
1146 1584 1327 1652 Φαλαίκου

200 1689 259 1755 τοῦ
283 1690 431 1756 Φωκέων
452 1687 614 1777 τυράννου
636 1687 855 1775 ἐστράτευσεν
884 1689 940 1752 ἐπὶ
963 1687 1022 1753 τὸν
1043 1687 1267 1775 Πλούταρχον
1289 1688 1328 1753 cf.

104 1783 110 1796 “
199 1791 321 1857 Din'l.
344 1795 401 1856 44:
439 1786 464 1871 οἳ
492 1791 532 1856 τά
565 1790 809 1876 Ταυροσθένην
838 1789 1018 1869 Ἀθηναῖον
1047 1780 1133 1856 εἶναι
1164 1790 1239 1866 τούς
1267 1795 1329 1875 μέν

199 1891 307 1960 αὑτοῦ
329 1893 471 1964 πολίτας
493 1889 851 1976 καταδουλωσάμενον,
873 1897 932 1972 τῆς
943 1892 970 1957 δ’
984 1892 1137 1977 Εὐβοίας
1150 1889 1230 1972 ὅλης
1241 1893 1326 1978 μετά

200 1995 262 2062 τοῦ
284 1994 436 2083 α’δελφοῦ
449 1992 605 2061 Καλλίου
619 1994 793 2081 προδότην
810 1993 970 2086 Φιλίππῳ
986 1997 1224 2083 γεγενημένους
1246 1995 1328 2061 Mihi

200 2099 331 2182 quidem
359 2098 488 2164 uidetur
517 2099 634 2163 seditio
664 2099 722 2163 illa
750 2098 896 2183 Philippi
926 2120 987 2182 ope
1016 2099 1104 2164 facta
1131 2105 1165 2162 et
1186 2101 1325 2183 pecunia

198 2204 375 2288 paucisque
405 2203 505 2286 copiis
532 2201 638 2266 missis
667 2202 751 2267 clam
779 2206 980 2283 sustentata3
1014 2201 1101 2284 quod
1123 2222 1180 2266 cur
1202 2202 1326 2286 fecerit,

198 2305 293 2371 facile
317 2310 367 2369 est
382 2304 562 2368 intellectu.
584 2302 707 2369 Eodem
722 2311 878 2389 tempore,
901 2325 965 2386 quo
988 2305 1022 2368 in
1037 2303 1205 2368 Euboeam
1217 2306 1326 2389 copias

197 2408 373 2472 auxiliares
396 2408 552 2472 miserant
573 2406 798 2489 Athenienses,
830 2407 928 2476 etiam
952 2405 1116 2489 Olynthiis
1137 2407 1273 2472 navibus
1294 2411 1327 2471 et
1436 2446 1438 2451 -

198 2511 363 2595 equitibus
387 2508 545 2574 auxilium
566 2508 731 2590 tulerunt3
755 2509 880 2591 equites
902 2509 952 2572 illi
974 2510 1007 2572 in
1030 2509 1163 2574 Euboea
1184 2509 1325 2593 fuerant,

199 2612 275 2677 inde
299 2611 479 2697 Olynthum
501 2609 743 2675 transiecerunt
765 2609 804 2674 cf.
826 2608 917 2675 Dem.
929 2610 1017 2693 XXI,
1030 2611 1099 2676 197.
1123 2611 1249 2678 Sohaef.
1264 2612 1286 2676 l.
1303 2612 1324 2676 l.

102 2771 106 2781 .
196 2715 229 2780 H
250 2737 281 2798 p.
306 2715 355 2778 74.
399 2715 563 2780 Intererat
576 2714 678 2798 igitur
690 2712 844 2797 Philippi,
864 2717 902 2776 ut
917 2712 1132 2779 Athenienses
1142 2716 1176 2778 in
1191 2714 1325 2779 Euboea

199 2824 375 2900 occupatos
399 2816 569 2899 detineret,
592 2837 634 2881 ne
656 2814 767 2899 plures
786 2814 896 2897 copias
910 2816 1031 2881 auxilio
1042 2817 1211 2882 mitterent
1225 2817 1323 2901 Olyn-

196 2917 287 3000 thiis,
301 2919 335 3010 id
350 2919 437 3002 quod
450 2924 635 2984 sustentata
648 2916 807 2982 seditione
819 2917 965 2983 Euboica
978 2918 1132 2984 facillime
1146 2921 1323 3004 impetrare

196 3020 316 3104 potuit.
361 3020 449 3098 Quae
478 3042 551 3085 cum
580 3023 627 3085 ita
649 3022 725 3103 sint,
755 3042 827 3084 oum
856 3020 896 3086 iis
918 3021 1011 3103 facio,
1043 3024 1099 3104 qui
1120 3022 1162 3087 ad
1185 3024 1323 3088 alteram

197 3123 437 3205 expeditionem
459 3122 637 3189 Euboicam
658 3121 832 3207 Hyperidis
854 3119 1020 3198 ἐπιδόσεις
1040 3125 1201 3209 referant3
1226 3147 1323 3209 quam

193 3230 264 3290 tum
286 3225 425 3309 largitus
448 3231 497 3290 est
518 3227 693 3309 triremem,
717 3246 854 3291 causus
876 3231 936 3308 est,
959 3248 1032 3290 cum
1054 3227 1089 3292 in
1112 3229 1319 3312 expeditione

194 3326 355 3411 Byzantia
376 3327 550 3394 trierarchi
572 3348 705 3394 munere
727 3327 918 3411 iungeretur
941 3329 980 3394 of.
1002 3329 1143 3396 Boeckh.
1166 3331 1205 3396 de
1226 3333 1322 3397 inser.

193 3451 266 3494 nar.
289 3433 327 3512 p.'
345 3431 415 3494 191.

279 3529 529 3615 Subsequuntur
538 3533 784 3615 anninonnulli,
797 3531 914 3615 quibus
928 3533 1006 3616 quid
1016 3534 1131 3599 iecerit
1139 3535 1320 3620 Hyperides

192 3636 389 3719 ignoramus.
414 3634 463 3699 01.
487 3636 558 3718 108,
581 3634 703 3722 acto)
728 3637 908 3701 constituta
922 3642 971 3700 est
990 3658 1056 3721 pax
1071 3659 1143 3702 cum
1154 3637 1319 3724 Philippo,

193 3758 278 3824 quae
293 3736 502 3802 Philocrates
520 3726 754 3821 nominatur31)
778 3759 861 3822 quae
884 3759 957 3803 cum
979 3739 1068 3804 duris
1092 3746 1172 3806 etro
1188 3741 1318 3825 publica

194 3839 337 3923 indignis
380 3835 622 3906 condicionibus
662 3841 751 3906 facta
790 3862 861 3906 esse
905 3843 1071 3908 videretur
1108 3843 1321 3911 Demostheni

264 4061 284 4136 ¹)
302 4061 335 4118 cf.
354 4061 475 4137 Theoph.
494 4061 649 4138 Elspergeri
672 4081 768 4119 comm.
792 4063 826 4118 de
849 4082 915 4140 pace
932 4063 1099 4120 Philocrates
1116 4065 1215 4125 Onold.
1242 4069 1318 4123 1838.
