3190 5002
355 419 369 455 ε
723 380 935 454 -32-“

266 559 364 624 istam
375 553 582 643 largitionem
595 561 692 625 etiam
703 561 872 626 victoriam
894 565 1136 645 reportaverat3
1160 558 1280 625 crimen
1289 558 1391 644 igitur

267 662 387 746 duplex
410 661 646 744 quodammodo
668 663 749 726 fuit'.
772 661 811 726 ef.
824 660 956 726 Pinderi
967 668 1136 728 comment.
1159 663 1198 728 de
1217 663 1389 748 pentathlc

267 763 465 830 Graecorum
483 789 524 850 p.
546 765 597 828 31.
621 765 681 828 118
705 786 752 847 sq.
796 763 909 846 Neque
938 785 1013 829 vero
1042 763 1149 829 locum
1179 765 1390 830 haereticae

267 872 419 932 sanatum
433 887 503 932 esse
526 887 659 949 censeo,
682 869 818 932 victoria
839 889 898 952 per
920 888 954 931 se
976 867 1048 952 ipsa
1069 888 1134 932 non
1145 871 1256 952 potest
1266 867 1391 931 crimini

268 970 508 1054 dariOallippo,
527 969 728 1052 quodetiam
740 969 957 1052 Kiesshngius
972 971 1111 1034 sensisse
1119 971 1248 1034 videtur
1258 970 1391 1053 ,crimen
1411 978 1413 984 '

268 1073 388 1157 duplex
411 1072 657 1154 quodammodo'
687 1073 811 1154 diesne,
841 1077 1087 1157 exspectaretur
1109 1068 1311 1159 φθείραντα
1329 1071 1391 1135 τὸν

267 1173 381 1261 οίγῶυα
404 1175 550 1252 υικῆοαι.
583 1174 674 1239 Nihil
695 1174 888 1239 mutandum
911 1195 981 1240 esse
1003 1174 1160 1255 arbItror3
1184 1180 1298 1238 auctor
1319 1175 1390 1238 vitt.

266 1277 297 1340 X
319 1283 427 1360 oratt,
459 1277 516 1359 qui
544 1299 610 1342 non
641 1277 739 1342 semel
769 1277 907 1342 aliorum
937 1276 1037 1342 falsas
1068 1278 1235 1362 opiniones
1265 1276 1390 1358 attulit,

269 1379 327 1443 καὶ
349 1375 478 1457 ἐνίκησε
502 1381 643 1465 scripsit,
667 1379 754 1462 quod
776 1381 810 1445 in
827 1378 927 1462 fonte,
949 1379 1036 1444 unde
1049 1378 1170 1463 hausit,
1193 1379 1390 1444 haeserant.

351 1515 465 1581 Eidem
481 1515 549 1581 fere
564 1518 703 1600 tempori
717 1517 835 1582 tribuit
850 1516 1091 1601 Comparettius
1106 1516 1169 1596 (ed.
1183 1537 1228 1581 or.
1240 1514 1390 1600 proEux.

266 1643 297 1704 p.
312 1619 355 1683 44
370 1618 433 1705 sq.)
446 1620 626 1684 orationem
642 1640 701 1704 pro
722 1619 916 1702 Euxenippo
934 1618 1081 1683 habitam
1103 1616 1155 1698 (cf.
1172 1617 1389 1683 Constantino

266 1719 487 1785 llaec-Canini
502 1743 533 1804 p.
543 1723 571 1785 8.
582 1721 687 1786 Blass.
701 1721 873 1804 XXXVI),
891 1720 947 1804 qui
960 1719 1208 1804 diligentissime
1224 1720 1259 1783 in
1273 1720 1390 1784 disser-

265 1823 391 1889 tatione
414 1822 551 1887 editicni
573 1824 762 1909 praeposita
782 1824 821 1888 de
844 1824 913 1907 ejus
936 1828 1128 1906 argumento
1151 1822 1315 1887 disseruit.

351 1960 457 2038 Quum
478 1959 635 2042 proximis
658 1960 753 2025 annis
775 1959 860 2025 fame
883 1979 1073 2041 summaque
1089 1979 1237 2024 annonae
1252 1958 1389 2022 caritate

264 2067 462 2126 vexarentur
482 2060 647 2143 Athenae,
678 2062 716 2125 cf.
739 2061 830 2126 Dem.
852 2060 978 2143 XVIII,
1002 2061 1052 2124 89,
1082 2059 1231 2142 XXXIV,
1253 2061 1294 2124 38
1318 2082 1389 2143 sqq.

265 2163 406 2228 Boechh.
434 2164 474 2227 de
501 2184 567 2229 oec.
589 2162 708 2228 Athen.
730 2163 755 2227 I.
783 2184 814 2246 p.
835 2164 895 2228 127
926 2183 996 2245 sqq.
1019 2163 1117 2226 etiam
1144 2161 1326 2246 Hyperides
1356 2162 1391 2225 in

270 2288 307 2331 eo
340 2287 474 2330 numero
505 2263 585 2348 fuit,
615 2265 672 2350 qui
694 2271 732 2330 ut
758 2265 967 2330 mederentur
994 2264 1124 2346 inopiae
1146 2263 1389 2347 frumentariae,

267 2369 438 2452 pecuniam
476 2367 686 2432 contulerunt
722 2366 761 2433 of.
790 2365 931 2432 Boeelrh.
963 2366 1002 2432 ds
1029 2367 1125 2430 inser.
1153 2388 1225 2431 nav.
1255 2365 1334 2430 XIII
1363 2387 1388 2430 o.

267 2491 298 2553 p.
331 2471 411 2534 442:
455 2465 636 2556 Ὑπερείδης
676 2465 894 2534 Γλαυκίππου
931 2463 1120 2543 Κολλυτεείς
1151 2468 1316 2550 κατέβαλε
1349 2466 1389 2532 τὸ

266 2568 401 2636 οίπλοῦν
433 2573 469 2655 ΙΝ
502 2571 705 2646 οίποδίκταις
734 2581 803 2647 τοῖς
840 2569 893 2633 ἐπὶ
932 2569 1094 2656 Χάρητος
1128 2568 1286 2655 ἄρχοντος
1322 2569 1389 2650 (Ol.

269 2675 340 2758 113,
362 2675 414 2758 3),
449 2673 488 2738 τό
519 2677 555 2739 δὲ
583 2673 722 2738 διπλοῦν
753 2670 978 2758 ὑπογράψατο
1010 2666 1058 2747 εἰς
1081 2671 1124 2735 τοί
1146 2671 1307 2736 οιτωυοκοί
1331 2674 1389 2735 καὶ

267 2775 310 2840 τοί
332 2775 513 2860 ἐπεδόσιμα
536 2774 624 2839 κατοί
649 2777 687 2839 τό
709 2774 877 2860 ψήφισμα
902 2771 965 2840 τοῦ
987 2770 1103 2857 δήμου.
1132 2774 1203 2839 Huc
1222 2775 1389 2858 pertinent

266 2879 364 2944 etiam
393 2879 557 2943 orationes
584 2874 665 2961 ὑπὲρ
696 2873 910 2964 Χαιρεφίλου
939 2885 1014 2962 περὶ
1042 2877 1101 2940 τοῦ
1132 2874 1303 2962 ταρίχους,
1333 2876 1390 2959 qui

267 2981 484 3046 Demosthene
517 2980 674 3046 suadente
710 2961 745 3042 in
781 2978 898 3043 civium
930 3000 1100 3043 numerum
1132 2985 1282 3063 receptus
1319 2983 1390 3042 erat

265 3087 400 3167 propter
422 3083 703 3164 salsamentorum,
726 3080 866 3144 fortasse
889 3081 987 3145 etiam
1006 3082 1161 3146 frumenti
1176 3081 1389 3145 invectionem

265 3185 304 3250 cf.
327 3185 400 3249 Din.
415 3184 440 3268 l,
462 3186 514 3248 43.
536 3182 653 3267 Bergk.
677 3183 718 3248 ad
740 3181 863 3246 Andoc.
886 3181 1037 3247 Sehilleri
1059 3205 1090 3266 p.
1103 3182 1164 3248 155
1186 3202 1257 3264 sqq.
1273 3181 1388 3264 fragm.

267 3287 327 3351 193
356 3283 597 3375 προμεερητής.
640 3284 823 3351 Admodum
851 3284 1032 3367 probaliter
1061 3283 1200 3367 conjecit
1226 3281 1389 3367 Sauppius

264 3387 478 3473 ,postulatum
507 3410 577 3454 esse
603 3387 705 3452 videri
726 3409 746 3451 a
767 3387 970 3471 sycophanta
999 3388 1150 3469 quodam,
1173 3385 1260 3470 quod
1289 3386 1389 3451 salsa-

264 3479 376 3555 menta
389 3492 535 3573 portorio
558 3513 624 3556 non
647 3491 753 3555 soluto
776 3489 827 3554 vel
842 3489 968 3573 legibus
987 3489 1096 3554 atticis
1119 3489 1159 3553 de
1171 3489 1388 3572 importandis

266 3599 299 3658 et
320 3593 498 3658 vendendis
520 3593 680 3660 mercibus
704 3591 768 3656 alio
790 3592 885 3656 modo
908 3591 1058 3675 migratis
1080 3592 1255 3657 invexisset
1272 3596 1387 3656 otren-

266 3694 419 3778 ditasset,
442 3717 580 3779 eumque
603 3693 787 3760 defendisse
808 3694 1015 3778 Hyperidem.

349 3832 501 3898 Proximo
523 3853 619 3915 anno,
642 3853 714 3896 cum
729 3814 865 3916 propter
884 3830 1057 3895 latrocinia
1072 3830 1237 3895 maritima
1250 3827 1387 3914 Tyrrhe-

183 3955 185 3960 ’
265 3955 382 4001 norum
412 3934 451 4000 de
479 3934 608 4001 colonia
636 3933 670 3997 in
699 3933 783 3999 mari
813 3931 980 3997 Adriatico
1010 3933 1201 3998 collocanda
1225 3938 1387 4017 ageretur,

264 4037 446 4124 Hyperides
486 4038 548 4104 hoc
583 4037 688 4102 suasit
720 4036 883 4120 eratione,
927 4036 1019 4120 cujus
1050 4034 1184 4102 titulum
1217 4035 1294 4122 περὶ
1329 4036 1388 4114 τῆς
