3190 5002
786 385 830 402 ...
872 347 913 417 14
954 387 998 405 ..-

327 513 548 586 .Chamaeleon
577 518 682 586 tradit
699 468 835 608 (Laiirt.
869 523 962 609 Diog.
993 523 1050 590 III.
1080 525 1135 608 46)
1147 577 1156 609 ,
1192 525 1246 593 vix
1273 525 1450 614 quidquam

92 673 96 680 .
206 651 208 655 ⁴
327 622 534 689 tribuendum
557 628 607 688 est
628 623 704 688 huic
724 625 912 692 testimonio
935 628 974 692 cl.
992 627 1117 692 Schaef.
1131 630 1150 692 l.
1166 631 1219 694 l.I
1241 653 1272 714 p.
1295 633 1358 698 282
1381 655 1450 716 sqq.

412 725 608 811 Priusquam
627 728 662 791 in
682 727 788 792 forum
811 729 1022 795 descenderet
1038 730 1230 815 Hyperides,
1252 754 1341 799 more
1363 736 1451 800 illius

328 829 447 894 aetatis
469 829 616 894 mercede
639 835 737 928 pacta
759 831 831 895 aliis
851 833 1014 897 orationes
1030 833 1254 917 componebat,
1278 837 1396 918 qulbus
1418 839 1452 902 in

322 930 459 1015 judiciis
492 937 665 997 uterentur
692 933 747 1020 (cf.
776 932 827 998 Ps.
850 933 935 999 Plut.
966 959 997 1020 p.
1025 936 1087 999 848
1109 935 1153 1000 E:
1184 936 1224 1001 τὸ
1258 935 1294 1000 δὲ
1324 942 1452 1021 πρῶτον

328 1033 464 1118 μισθοῦ
487 1034 586 1110 δίκας
607 1032 725 1116 ἔλεγεν
746 1036 786 1100 cf.
810 1057 853 1102 or.
875 1059 936 1122 pro
951 1036 1075 1113 Eume.
1093 1039 1150 1103 38:
1174 1035 1309 1118 ἰδιώτην
1324 1041 1446 1107 οὐδένα

223 1139 226 1145 ’
333 1135 476 1201 eduen
499 1137 535 1202 ἐν
557 1137 602 1223 τῷ
623 1134 680 1226 βίῳ
706 1137 834 1224 ἔκρινα,
857 1137 921 1217 ἤδη
945 1141 982 1205 δι’·
1006 1163 1073 1204 τισι
1096 1137 1262 1206 καθ’ὅσον
1285 1139 1452 1225 ἐδυνάμην

331 1238 540 1328 ἐβοήθησα).
591 1241 698 1323 Hujus
728 1244 855 1325 generis
885 1247 935 1307 est
956 1244 1060 1307 oratio
1096 1263 1153 1326 pro
1177 1243 1452 1328 hyerophronea

330 1340 479 1428 Lycurgo
503 1348 672 1426 accusat03
695 1343 759 1408 huc
781 1345 882 1410 refert
895 1344 1089 1410 Sahaeferus
1105 1346 1125 1408 l.
1142 1346 1162 1408 l.
1178 1346 1225 1410 III
1240 1368 1314 1430 app.
1336 1370 1367 1431 p.
1392 1346 1451 1411 158

238 1457 240 1460 ’
330 1447 512 1511 orationem
544 1445 635 1510 nauci
665 1446 875 1521 Αὐτοκλέους
905 1447 1092 1533 προδοσίας
1121 1449 1260 1513 fortasse
1295 1450 1330 1513 in
1359 1471 1452 1514 usum

330 1548 522 1631 Apollodori
538 1551 701 1633 scriptam.
724 1549 832 1614 Unam
852 1554 982 1615 tantum
997 1571 1127 1615 causam
1143 1551 1271 1616 Autooh
1292 1552 1452 1616 intentam

330 1658 528 1737 compertam
551 1652 707 1718 habemus
724 1651 763 1716 cf.
781 1652 871 1717 Dem.
894 1652 1042 1736 XXXVI,
1065 1652 1115 1718 53.
1138 1652 1258 1736 XXIII,
1283 1654 1344 1717 104
1366 1653 1453 1717 unde
1557 1725 1558 1744 .

329 1751 565 1838 Apollodorum
577 1755 724 1820 Pasionis
746 1754 850 1821 filium
872 1757 957 1821 inter
979 1761 1183 1820 accusatores
1206 1755 1307 1819 fuisse
1329 1756 1451 1821 intelli-

329 1857 443 1940 gimus.
472 1857 666 1943 Ambiguam
681 1879 750 1923 esse
767 1857 851 1922 hanc
864 1880 932 1922 rem
944 1859 1091 1923 concedit
1106 1857 1316 1939 Schaeferus3
1333 1859 1452 1922 etenim

330 1959 443 2024 eodem
468 1961 544 2048 jure
566 1963 629 2027 dici
650 1966 775 2046 potest,
805 1963 832 2026 si
854 1961 1033 2045 Hyperides
1062 1963 1132 2042 ipse
1165 1961 1199 2024 in
1227 1965 1453 2026 accusatorum

330 2083 465 2127 numero
481 2085 547 2128 non
569 2064 679 2144 fuerit,
703 2064 882 2128 orationem
901 2063 1027 2128 cuidam
1044 2084 1082 2126 ex
1095 2083 1132 2127 eo
1147 2083 1280 2126 numero
1298 2083 1368 2127 esse
1379 2084 1453 2128 con-

333 2163 462 2230 fectam.
506 2165 554 2231 Ol.
580 2167 651 2249 104,
673 2169 695 2230 4
717 2165 807 2250 (360)
831 2171 986 2249 perorata
1008 2171 1057 2229 est
1080 2164 1160 2229 hacc
1183 2165 1288 2229 oratio
1311 2164 1454 2250 (Schaef.

327 2266 351 2332 l.
373 2267 394 2331 l.
416 2267 432 2331 Ι
454 2292 485 2353 p.
510 2270 580 2333 140.
596 2268 639 2350 ὃ).
669 2268 784 2334 Eidem
796 2269 908 2353 generi
925 2269 1108 2333 orationum
1125 2268 1316 2332 adnumerat
1330 2268 1454 2332 Rabiu's

332 2370 353 2435 l.
383 2370 404 2434 l.
434 2393 466 2454 p.
495 2373 516 2436 2
544 2371 628 2458 πρὸς
648 2370 795 2457 Χάρητα
825 2368 1036 2457 ἐπιτροπικόν
1065 2370 1221 2453 ,dubitari
1250 2371 1304 2434 vix
1334 2375 1453 2454 potest,

328 2473 408 2555 quin
429 2474 464 2538 in
486 2473 594 2538 aliena
616 2495 714 2540 causa
736 2474 850 2539 habita
872 2479 906 2537 et
926 2475 960 2539 in
983 2474 1063 2557 ejus,
1087 2473 1144 2556 qui
1166 2478 1291 2537 tutores
1313 2474 1347 2537 in
1366 2473 1453 2556 judi-

328 2575 414 2640 cium
435 2577 607 2659 vocaverit,
629 2599 724 2642 usum
735 2579 857 2662 scripta
871 2577 929 2659 sit,
952 2577 1015 2640 nisi
1027 2575 1184 2659 Hyperidi
1199 2582 1351 2660 putamus
1367 2575 1452 2640 idem

328 2677 395 2743 fere
425 2678 597 2763 accidisse,
636 2681 723 2763 quod
752 2678 965 2764 Demostheni
994 2679 1130 2760 accidit,
1160 2683 1198 2742 ut
1225 2684 1372 2742 tutorum
1400 2677 1452 2741 vel

244 2773 246 2776 ’
327 2780 528 2865 negligentia
543 2782 594 2847 vel
606 2782 816 2867 improbitate
832 2780 965 2865 aliquod
977 2781 1025 2845 rei
1037 2780 1207 2846 familiaris
1220 2779 1450 2846 detrImentum

328 2885 451 2968 ceperit
480 2884 520 2949 cf.
552 2885 666 2969 fragm.
691 2885 761 2948 194.
804 2883 856 2950 Ad
885 2906 936 2950 res
959 2883 1104 2968 publicas
1127 2885 1268 2966 primum
1296 2882 1452 2947 acessisse

216 3041 235 3065 s
327 2986 472 3071 ridetur,
502 3009 574 3052 cum
602 2986 870 3071 Aristophontem
898 2986 1108 3052 Azeniensem
1137 2991 1314 3051 accusaret.
1360 2984 1453 3062 Quod

328 3089 524 3175 cur'fecerit,
547 3091 762 3175 comperimus
784 3112 801 3155 c
822 3089 922 3154 schol.
938 3090 980 3155 ad
998 3089 1113 3156 Aesch.
1130 3089 1155 3173 Ι,
1172 3090 1229 3154 64:
1254 3089 1451 3176 κεκωμῴδη-

329 3214 384 3256 ται
397 3189 414 3257 ὁ
428 3191 639 3282 Ἀριστοφῶν
661 3234 696 3244 -
722 3190 763 3268 ὠς
786 3193 1023 3278 στρατηγήσας
1039 3192 1073 3257 ἕν
1093 3191 1171 3282 Κέῳ
1193 3193 1250 3256 καὶ
1270 3191 1328 3256 δνσὶ
1353 3192 1451 3280 φιλο-

324 3294 513 3380 χρητατὶαν
535 3295 648 3362 πολλοὶ
673 3295 763 3361 κακοὶ
786 3294 1012 3384 ἐργασάμενος
1034 3295 1114 3371 τούς
1136 3295 1369 3370 ἐνοικοῦντας,
1400 3292 1452 3380 ἐφ’

218 3455 219 3462 ,
262 3397 271 3423 ’
329 3390 519 3488 ᾇγραφιὶς
539 3395 607 3464 ὑπὸ
630 3396 810 3485 Ὑπερείδου
826 3393 1033 3483 παρανόμων
1049 3395 1145 3464 ἑάλω.
1176 3396 1358 3481 ESauppii
1381 3417 1451 3462 sen-

327 3500 433 3566 tentia
459 3487 662 3585 Aristophon
690 3500 852 3584 plebisciti
881 3505 995 3564 auctor
1025 3499 1108 3584 fuit,
1148 3521 1210 3582 quo
1241 3521 1452 3585 permagnam

327 3605 484 3686 pecuniae
507 3605 571 3680 vim
593 3603 649 3668 Cei
669 3604 812 3688 pendere
830 3603 1042 3686 juberentur,
1073 3603 1197 3686 etipse
1220 3624 1292 3666 cum
1313 3601 1451 3670 navibus
1557 3643 1558 3648 κ

328 3705 493 3790 profectus
511 3709 683 3790 pecuniam
704 3707 795 3772 illam
817 3726 890 3771 cum
910 3706 1085 3788 iniquitate
1108 3704 1225 3788 exegit,
1250 3710 1452 3790 quapropter

327 3809 430 3873 redux
443 3809 548 3874 lactus
564 3809 604 3874 ab
615 3810 779 3894 Hyperide
795 3807 933 3873 Georum
950 3807 1101 3893 precibus
1114 3814 1261 3891 permoto
1280 3815 1451 3873 accusatus

328 3915 378 3976 cst
393 3910 637 3999 παρανόμων.1)
666 3914 704 3977 In
727 3911 922 3977 scholiastae
943 3909 1049 3976 verbis
1065 3910 1215 3976 mendam
1237 3912 1343 3974 inesse
1360 3910 1450 3974 Iucu-

399 4035 419 4100 1)
438 4033 510 4087 Eum
523 4031 603 4086 etiam
616 4032 649 4087 de
665 4031 720 4086 vita
730 4032 834 4102 privata
846 4017 969 4102 objurgat
987 4030 1019 4084 cf.
1035 4030 1129 4100 fragm.
1142 4035 1175 4085 44
1183 4053 1190 4096 ;
1204 4029 1307 4100 saepius
1319 4029 1451 4099 peierasse
