<?xml version="1.0" encoding="UTF-8"?>
<!DOCTYPE html PUBLIC "-//W3C//DTD XHTML 1.0 Transitional//EN"
    "http://www.w3.org/TR/xhtml1/DTD/xhtml1-transitional.dtd">
<html xmlns="http://www.w3.org/1999/xhtml" xml:lang="en" lang="en">
 <head>
  <title>
</title>
<meta http-equiv="Content-Type" content="text/html;charset=utf-8" />
  <meta name='ocr-system' content='tesseract 3.04.00' />
  <meta name='ocr-capabilities' content='ocr_page ocr_carea ocr_par ocr_line ocrx_word'/>
</head>
<body>
  <div class='ocr_page' id='page_1' title='image "./quaestionumhype00hagegoog_0013.png"; bbox 0 0 3190 5002; ppageno 0'>
   <div class='ocr_carea' id='block_1_1' title="bbox 784 339 974 404">
    <p class='ocr_par' dir='ltr' id='par_1_1' title="bbox 784 339 974 404">
     <span class='ocr_line' id='line_1_1' title="bbox 784 339 974 404; baseline -0.011 -14"><span class='ocrx_word' id='word_1_1' title='bbox 784 339 974 404; x_wconf 79' lang='lat'>...6..</span> 
     </span>
    </p>
   </div>
   <div class='ocr_carea' id='block_1_2' title="bbox 289 507 1450 3674">
    <p class='ocr_par' dir='ltr' id='par_1_2' title="bbox 289 507 1450 3674">
     <span class='ocr_line' id='line_1_2' title="bbox 316 507 1441 601; baseline -0.001 -23"><span class='ocrx_word' id='word_1_2' title='bbox 316 511 377 590; x_wconf 79' lang='grc' dir='ltr'><strong><em>ἕοίν</em></strong></span> <span class='ocrx_word' id='word_1_3' title='bbox 399 511 436 575; x_wconf 82' lang='grc' dir='ltr'><strong><em>δὲ</em></strong></span> <span class='ocrx_word' id='word_1_4' title='bbox 457 507 547 601; x_wconf 78' lang='grc' dir='ltr'><strong><em>σώζῃ</em></strong></span> <span class='ocrx_word' id='word_1_5' title='bbox 573 511 613 575; x_wconf 86' lang='grc' dir='ltr'><strong><em>τά</em></strong></span> <span class='ocrx_word' id='word_1_6' title='bbox 629 507 804 592; x_wconf 85' lang='grc' dir='ltr'><strong><em>δαιμόνιον</em></strong></span> <span class='ocrx_word' id='word_1_7' title='bbox 819 510 917 594; x_wconf 78' lang='grc' dir='ltr'><strong><em>ἡμᾶς,</em></strong></span> <span class='ocrx_word' id='word_1_8' title='bbox 943 513 999 574; x_wconf 83' lang='grc' dir='ltr'><strong><em>καὶ</em></strong></span> <span class='ocrx_word' id='word_1_9' title='bbox 1021 513 1095 598; x_wconf 87' lang='grc' dir='ltr'><strong><em>περὶ</em></strong></span> <span class='ocrx_word' id='word_1_10' title='bbox 1118 513 1178 590; x_wconf 77' lang='grc' dir='ltr'><strong><em>τῆς</em></strong></span> <span class='ocrx_word' id='word_1_11' title='bbox 1201 515 1441 600; x_wconf 78' lang='grc' dir='ltr'><em>πραγματικῆς</em></span> 
     </span>
     <span class='ocr_line' id='line_1_3' title="bbox 320 607 1444 700; baseline 0.003 -21"><span class='ocrx_word' id='word_1_12' title='bbox 320 613 429 681; x_wconf 84' lang='grc' dir='ltr'><strong><em>αὐτοῦ</em></strong></span> <span class='ocrx_word' id='word_1_13' title='bbox 451 611 654 694; x_wconf 87' lang='grc' dir='ltr'><strong><em>δεινότητος,</em></strong></span> <span class='ocrx_word' id='word_1_14' title='bbox 680 611 729 679; x_wconf 81' lang='grc' dir='ltr'><strong><em>’ἐτι</em></strong></span> <span class='ocrx_word' id='word_1_15' title='bbox 751 607 937 697; x_wconf 78' lang='grc' dir='ltr'><strong><em>μείζονοςῆ</em></strong></span> <span class='ocrx_word' id='word_1_16' title='bbox 959 611 1056 680; x_wconf 80' lang='grc' dir='ltr'><strong><em>τοῦδε</em></strong></span> <span class='ocrx_word' id='word_1_17' title='bbox 1081 617 1139 678; x_wconf 92' lang='grc' dir='ltr'><strong><em>καὶ</em></strong></span> <span class='ocrx_word' id='word_1_18' title='bbox 1161 615 1444 700; x_wconf 77' lang='grc' dir='ltr'><strong><em>θαυμαστοτέρου</em></strong></span> 
     </span>
     <span class='ocr_line' id='line_1_4' title="bbox 321 695 1441 805; baseline 0.002 -23"><span class='ocrx_word' id='word_1_19' title='bbox 321 715 546 802; x_wconf 69' lang='grc' dir='ltr'><em>θεωρήματος</em></span> <span class='ocrx_word' id='word_1_20' title='bbox 568 718 602 782; x_wconf 79' lang='grc' dir='ltr'><strong><em>ἐν</em></strong></span> <span class='ocrx_word' id='word_1_21' title='bbox 626 720 699 793; x_wconf 85' lang='grc' dir='ltr'><strong><em>τοῖς</em></strong></span> <span class='ocrx_word' id='word_1_22' title='bbox 722 715 793 796; x_wconf 77' lang='grc' dir='ltr'><strong><em>ε’ξης</em></strong></span> <span class='ocrx_word' id='word_1_23' title='bbox 803 695 1069 805; x_wconf 70' lang='grc' dir='ltr'><strong><em>γραφησομίίοις</em></strong></span> <span class='ocrx_word' id='word_1_24' title='bbox 1079 717 1298 802; x_wconf 84' lang='grc' dir='ltr'><strong><em>άποδάσομέν</em></strong></span> <span class='ocrx_word' id='word_1_25' title='bbox 1311 741 1362 785; x_wconf 84' lang='grc' dir='ltr'><strong><em>σοι</em></strong></span> <span class='ocrx_word' id='word_1_26' title='bbox 1381 719 1441 786; x_wconf 81' lang='grc' dir='ltr'><strong><em>τόν</em></strong></span> 
     </span>
     <span class='ocr_line' id='line_1_5' title="bbox 319 818 1442 903; baseline 0.002 -19"><span class='ocrx_word' id='word_1_27' title='bbox 319 819 434 903; x_wconf 86' lang='grc' dir='ltr'><strong><em>λόγον.</em></strong></span> <span class='ocrx_word' id='word_1_28' title='bbox 463 818 576 903; x_wconf 85' lang='lat' dir='ltr'>Neque</span> <span class='ocrx_word' id='word_1_29' title='bbox 598 827 708 886; x_wconf 83' lang='lat' dir='ltr'>tomen</span> <span class='ocrx_word' id='word_1_30' title='bbox 731 821 916 903; x_wconf 85' lang='lat' dir='ltr'>adstipulor</span> <span class='ocrx_word' id='word_1_31' title='bbox 938 820 989 885; x_wconf 85' lang='lat' dir='ltr'><strong><em>hic</em></strong></span> <span class='ocrx_word' id='word_1_32' title='bbox 1011 823 1087 886; x_wconf 79' lang='lat' dir='ltr'>uiris</span> <span class='ocrx_word' id='word_1_33' title='bbox 1110 821 1224 886; x_wconf 90' lang='lat' dir='ltr'>doctis.</span> <span class='ocrx_word' id='word_1_34' title='bbox 1246 821 1442 886; x_wconf 85' lang='lat' dir='ltr'>Meditatum</span> 
     </span>
     <span class='ocr_line' id='line_1_6' title="bbox 320 922 1444 1008; baseline 0.003 -23"><span class='ocrx_word' id='word_1_35' title='bbox 320 944 390 988; x_wconf 86' lang='lat' dir='ltr'>esse</span> <span class='ocrx_word' id='word_1_36' title='bbox 412 922 605 1006; x_wconf 91' lang='lat' dir='ltr'>Dionysium</span> <span class='ocrx_word' id='word_1_37' title='bbox 628 923 726 987; x_wconf 83' lang='lat' dir='ltr'>etiam</span> <span class='ocrx_word' id='word_1_38' title='bbox 750 923 788 986; x_wconf 93' lang='lat' dir='ltr'><strong><em>de</em></strong></span> <span class='ocrx_word' id='word_1_39' title='bbox 811 922 974 1005; x_wconf 83' lang='lat' dir='ltr'>Hyperide</span> <span class='ocrx_word' id='word_1_40' title='bbox 997 924 1164 1005; x_wconf 79' lang='lat' dir='ltr'>disserere,</span> <span class='ocrx_word' id='word_1_41' title='bbox 1188 924 1381 1008; x_wconf 80' lang='lat' dir='ltr'>intelligitur</span> <span class='ocrx_word' id='word_1_42' title='bbox 1403 945 1444 988; x_wconf 87' lang='lat' dir='ltr'><strong><em>ex</em></strong></span> 
     </span>
     <span class='ocr_line' id='line_1_7' title="bbox 318 1023 1444 1111; baseline 0.001 -21"><span class='ocrx_word' id='word_1_43' title='bbox 318 1026 392 1107; x_wconf 85' lang='lat' dir='ltr'>ejus</span> <span class='ocrx_word' id='word_1_44' title='bbox 415 1026 523 1090; x_wconf 84' lang='lat' dir='ltr'>verbis</span> <span class='ocrx_word' id='word_1_45' title='bbox 547 1027 621 1106; x_wconf 82' lang='lat' dir='ltr'>(vol.</span> <span class='ocrx_word' id='word_1_46' title='bbox 645 1026 691 1108; x_wconf 90' lang='lat' dir='ltr'><strong><em>V,</em></strong></span> <span class='ocrx_word' id='word_1_47' title='bbox 720 1049 751 1111; x_wconf 89' lang='lat' dir='ltr'><strong><em>p.</em></strong></span> <span class='ocrx_word' id='word_1_48' title='bbox 773 1025 835 1088; x_wconf 76' lang='lat'><strong><em>451</em></strong></span> <span class='ocrx_word' id='word_1_49' title='bbox 859 1025 905 1089; x_wconf 85' lang='lat' dir='ltr'><strong><em>&#39;ed</em></strong></span> <span class='ocrx_word' id='word_1_50' title='bbox 935 1025 1075 1106; x_wconf 67' lang='lat' dir='ltr'>Reum:</span> <span class='ocrx_word' id='word_1_51' title='bbox 1106 1023 1239 1092; x_wconf 74' lang='grc' dir='ltr'><strong><em>ἔσονται</em></strong></span> <span class='ocrx_word' id='word_1_52' title='bbox 1261 1029 1297 1093; x_wconf 78' lang='grc' dir='ltr'><strong><em>δὲ</em></strong></span> <span class='ocrx_word' id='word_1_53' title='bbox 1326 1029 1444 1109; x_wconf 77' lang='grc' dir='ltr'><strong><em>οἱμὲν</em></strong></span> 
     </span>
     <span class='ocr_line' id='line_1_8' title="bbox 319 1125 1442 1215; baseline 0.003 -24"><span class='ocrx_word' id='word_1_54' title='bbox 319 1126 672 1213; x_wconf 76' lang='grc' dir='ltr'><strong><em>παραλαμβανόμενοι</em></strong></span> <span class='ocrx_word' id='word_1_55' title='bbox 694 1125 845 1214; x_wconf 78' lang='grc' dir='ltr'><strong><em>ῥήτορες,</em></strong></span> <span class='ocrx_word' id='word_1_56' title='bbox 868 1131 957 1212; x_wconf 82' lang='grc' dir='ltr'><strong><em>τρεῖς</em></strong></span> <span class='ocrx_word' id='word_1_57' title='bbox 970 1132 1034 1211; x_wconf 78' lang='grc' dir='ltr'><strong><em>μὲν</em></strong></span> <span class='ocrx_word' id='word_1_58' title='bbox 1055 1129 1091 1192; x_wconf 78' lang='grc' dir='ltr'><strong><em>ἐκ</em></strong></span> <span class='ocrx_word' id='word_1_59' title='bbox 1115 1131 1179 1193; x_wconf 84' lang='grc' dir='ltr'><strong><em>τῶν</em></strong></span> <span class='ocrx_word' id='word_1_60' title='bbox 1195 1129 1442 1215; x_wconf 71' lang='grc' dir='ltr'><strong><em>πρεσβυτέρων,</em></strong></span> 
     </span>
     <span class='ocr_line' id='line_1_9' title="bbox 318 1226 1445 1316; baseline 0 -22"><span class='ocrx_word' id='word_1_61' title='bbox 318 1226 466 1310; x_wconf 79' lang='grc' dir='ltr'><strong><em>Λυσίας,</em></strong></span> <span class='ocrx_word' id='word_1_62' title='bbox 487 1228 690 1316; x_wconf 84' lang='grc' dir='ltr'><strong><em>Ἰσοκράτης,</em></strong></span> <span class='ocrx_word' id='word_1_63' title='bbox 713 1230 838 1304; x_wconf 86' lang='grc' dir='ltr'><strong><em>Ὶοαῐος·</em></strong></span> <span class='ocrx_word' id='word_1_64' title='bbox 863 1232 952 1314; x_wconf 79' lang='grc' dir='ltr'><strong><em>τρεῖς</em></strong></span> <span class='ocrx_word' id='word_1_65' title='bbox 974 1229 1004 1296; x_wconf 81' lang='grc' dir='ltr'><strong><em>δ’</em></strong></span> <span class='ocrx_word' id='word_1_66' title='bbox 1027 1230 1063 1294; x_wconf 81' lang='grc' dir='ltr'><strong><em>ἐκ</em></strong></span> <span class='ocrx_word' id='word_1_67' title='bbox 1087 1233 1151 1297; x_wconf 85' lang='grc' dir='ltr'><strong><em>τῶν</em></strong></span> <span class='ocrx_word' id='word_1_68' title='bbox 1173 1229 1445 1314; x_wconf 81' lang='grc' dir='ltr'><strong><em>ἐπακμασάντων</em></strong></span> 
     </span>
     <span class='ocr_line' id='line_1_10' title="bbox 319 1327 1445 1417; baseline 0.001 -21"><span class='ocrx_word' id='word_1_69' title='bbox 319 1331 449 1408; x_wconf 79' lang='grc' dir='ltr'><strong><em>τούτοις</em></strong></span> <span class='ocrx_word' id='word_1_70' title='bbox 465 1327 907 1416; x_wconf 74' lang='grc' dir='ltr'><strong><em>Λημοσθένης,Ὑπερείδης,</em></strong></span> <span class='ocrx_word' id='word_1_71' title='bbox 923 1329 1092 1417; x_wconf 80' lang='grc' dir='ltr'><strong><em>Αἰσχίνης·</em></strong></span> <span class='ocrx_word' id='word_1_72' title='bbox 1109 1329 1166 1407; x_wconf 72' lang='grc' dir='ltr'><strong><em>οἰίς</em></strong></span> <span class='ocrx_word' id='word_1_73' title='bbox 1178 1331 1239 1415; x_wconf 82' lang='grc' dir='ltr'><strong><em>ἐγω</em></strong></span> <span class='ocrx_word' id='word_1_74' title='bbox 1255 1329 1318 1397; x_wconf 83' lang='grc' dir='ltr'><strong><em>τῶν</em></strong></span> <span class='ocrx_word' id='word_1_75' title='bbox 1331 1329 1445 1397; x_wconf 80' lang='grc' dir='ltr'><strong><em>ἄλλων</em></strong></span> 
     </span>
     <span class='ocr_line' id='line_1_11' title="bbox 289 1430 1444 1520; baseline -0.002 -21"><span class='ocrx_word' id='word_1_76' title='bbox 289 1468 290 1472; x_wconf 47' lang='grc'>’</span> <span class='ocrx_word' id='word_1_77' title='bbox 318 1432 465 1518; x_wconf 75' lang='grc' dir='ltr'><strong><em>ἠγοῦμαι</em></strong></span> <span class='ocrx_word' id='word_1_78' title='bbox 477 1441 683 1519; x_wconf 85' lang='grc' dir='ltr'><strong><em>κρατίστους.</em></strong></span> <span class='ocrx_word' id='word_1_79' title='bbox 708 1435 767 1496; x_wconf 83' lang='grc' dir='ltr'><strong><em>καὶ</em></strong></span> <span class='ocrx_word' id='word_1_80' title='bbox 783 1435 1039 1520; x_wconf 75' lang='grc' dir='ltr'><strong><em>διαιρεθήσεται</em></strong></span> <span class='ocrx_word' id='word_1_81' title='bbox 1050 1439 1111 1516; x_wconf 77' lang='grc' dir='ltr'><strong><em>μὲν</em></strong></span> <span class='ocrx_word' id='word_1_82' title='bbox 1134 1432 1179 1509; x_wconf 84' lang='grc' dir='ltr'><strong><em>εἰς</em></strong></span> <span class='ocrx_word' id='word_1_83' title='bbox 1196 1433 1254 1500; x_wconf 85' lang='grc' dir='ltr'><strong><em>δύο</em></strong></span> <span class='ocrx_word' id='word_1_84' title='bbox 1271 1430 1444 1509; x_wconf 78' lang='grc' dir='ltr'><strong><em>συντάξεις</em></strong></span> 
     </span>
     <span class='ocr_line' id='line_1_12' title="bbox 316 1533 1443 1625; baseline -0.001 -25"><span class='ocrx_word' id='word_1_85' title='bbox 316 1534 337 1615; x_wconf 82' lang='grc' dir='ltr'><em>ἡ</em></span> <span class='ocrx_word' id='word_1_86' title='bbox 362 1533 586 1621; x_wconf 87' lang='grc' dir='ltr'><strong><em>πραγματεία·</em></strong></span> <span class='ocrx_word' id='word_1_87' title='bbox 611 1536 672 1615; x_wconf 82' lang='grc' dir='ltr'><strong><em>την</em></strong></span> <span class='ocrx_word' id='word_1_88' title='bbox 695 1534 724 1602; x_wconf 80' lang='grc' dir='ltr'><strong><em>δ’</em></strong></span> <span class='ocrx_word' id='word_1_89' title='bbox 747 1534 851 1622; x_wconf 79' lang='grc' dir='ltr'><strong><em>άρχην</em></strong></span> <span class='ocrx_word' id='word_1_90' title='bbox 874 1536 941 1602; x_wconf 88' lang='grc' dir='ltr'><strong><em>άπὸ</em></strong></span> <span class='ocrx_word' id='word_1_91' title='bbox 965 1533 1088 1616; x_wconf 76' lang='grc' dir='ltr'><strong><em>ταύτης</em></strong></span> <span class='ocrx_word' id='word_1_92' title='bbox 1111 1537 1260 1625; x_wconf 79' lang='grc' dir='ltr'><strong><em>ληέμεται</em></strong></span> <span class='ocrx_word' id='word_1_93' title='bbox 1283 1541 1341 1615; x_wconf 80' lang='grc' dir='ltr'><strong><em>τῆς</em></strong></span> <span class='ocrx_word' id='word_1_94' title='bbox 1362 1534 1443 1621; x_wconf 77' lang='grc' dir='ltr'><strong><em>ὑπὲρ</em></strong></span> 
     </span>
     <span class='ocr_line' id='line_1_13' title="bbox 322 1640 1443 1726; baseline 0 -23"><span class='ocrx_word' id='word_1_95' title='bbox 322 1640 386 1704; x_wconf 82' lang='grc' dir='ltr'><strong><em>τῶν</em></strong></span> <span class='ocrx_word' id='word_1_96' title='bbox 407 1640 642 1726; x_wconf 81' lang='grc' dir='ltr'><strong><em>πρεσβυτέρων</em></strong></span> <span class='ocrx_word' id='word_1_97' title='bbox 664 1647 848 1725; x_wconf 77' lang='grc' dir='ltr'><strong><em>γραφείσης</em></strong></span> <span class='ocrx_word' id='word_1_98' title='bbox 876 1645 908 1704; x_wconf 89' lang='lat' dir='ltr'><strong><em>et</em></strong></span> <span class='ocrx_word' id='word_1_99' title='bbox 930 1640 986 1704; x_wconf 87' lang='lat' dir='ltr'><strong><em>uhi</em></strong></span> <span class='ocrx_word' id='word_1_100' title='bbox 1009 1640 1048 1703; x_wconf 91' lang='lat' dir='ltr'><strong><em>de</em></strong></span> <span class='ocrx_word' id='word_1_101' title='bbox 1071 1640 1162 1704; x_wconf 85' lang='lat' dir='ltr'>Isaeo</span> <span class='ocrx_word' id='word_1_102' title='bbox 1188 1641 1346 1722; x_wconf 89' lang='lat' dir='ltr'>judicium</span> <span class='ocrx_word' id='word_1_103' title='bbox 1369 1661 1443 1704; x_wconf 90' lang='lat' dir='ltr'>con-</span> 
     </span>
     <span class='ocr_line' id='line_1_14' title="bbox 321 1737 1445 1829; baseline 0 -24"><span class='ocrx_word' id='word_1_104' title='bbox 321 1743 424 1807; x_wconf 90' lang='lat' dir='ltr'>cludit</span> <span class='ocrx_word' id='word_1_105' title='bbox 445 1749 490 1825; x_wconf 87' lang='lat' dir='ltr'><strong><em>(p.</em></strong></span> <span class='ocrx_word' id='word_1_106' title='bbox 506 1743 600 1829; x_wconf 73' lang='grc'><strong>1129);</strong></span> <span class='ocrx_word' id='word_1_107' title='bbox 625 1745 683 1806; x_wconf 83' lang='grc' dir='ltr'><strong><em>καὶ</em></strong></span> <span class='ocrx_word' id='word_1_108' title='bbox 706 1743 781 1825; x_wconf 85' lang='grc' dir='ltr'><strong><em>περὶ</em></strong></span> <span class='ocrx_word' id='word_1_109' title='bbox 803 1739 929 1808; x_wconf 85' lang='grc' dir='ltr'><strong><em>τούτων</em></strong></span> <span class='ocrx_word' id='word_1_110' title='bbox 949 1746 1013 1824; x_wconf 73' lang='grc' dir='ltr'><strong><em>μὲν</em></strong></span> <span class='ocrx_word' id='word_1_111' title='bbox 1036 1737 1119 1817; x_wconf 90' lang='grc' dir='ltr'><strong><em>άλις.</em></strong></span> <span class='ocrx_word' id='word_1_112' title='bbox 1145 1741 1261 1829; x_wconf 80' lang='grc' dir='ltr'><strong><em>ἑτέραν</em></strong></span> <span class='ocrx_word' id='word_1_113' title='bbox 1283 1746 1318 1809; x_wconf 82' lang='grc' dir='ltr'><strong><em>δὲ</em></strong></span> <span class='ocrx_word' id='word_1_114' title='bbox 1340 1743 1445 1828; x_wconf 88' lang='grc' dir='ltr'><strong><em>άρχηυ</em></strong></span> 
     </span>
     <span class='ocr_line' id='line_1_15' title="bbox 325 1842 1447 1930; baseline 0.001 -21"><span class='ocrx_word' id='word_1_115' title='bbox 325 1844 510 1928; x_wconf 85' lang='grc' dir='ltr'><strong><em>ποιήσομαι</em></strong></span> <span class='ocrx_word' id='word_1_116' title='bbox 540 1847 599 1910; x_wconf 85' lang='grc' dir='ltr'><strong><em>τοῦ</em></strong></span> <span class='ocrx_word' id='word_1_117' title='bbox 622 1842 741 1926; x_wconf 83' lang='grc' dir='ltr'><strong><em>λόγου,</em></strong></span> <span class='ocrx_word' id='word_1_118' title='bbox 771 1845 845 1929; x_wconf 88' lang='grc' dir='ltr'><strong><em>περί</em></strong></span> <span class='ocrx_word' id='word_1_119' title='bbox 868 1869 902 1910; x_wconf 88' lang='grc' dir='ltr'><strong><em>τε</em></strong></span> <span class='ocrx_word' id='word_1_120' title='bbox 927 1846 1167 1928; x_wconf 63' lang='grc' dir='ltr'><strong><em>Λημοσθένους</em></strong></span> <span class='ocrx_word' id='word_1_121' title='bbox 1188 1848 1242 1908; x_wconf 86' lang='grc' dir='ltr'><strong><em>καὶ</em></strong></span> <span class='ocrx_word' id='word_1_122' title='bbox 1265 1843 1447 1930; x_wconf 82' lang='grc' dir='ltr'><strong><em>Ὑπερείδου</em></strong></span> 
     </span>
     <span class='ocr_line' id='line_1_16' title="bbox 322 1944 1446 2032; baseline 0 -22"><span class='ocrx_word' id='word_1_123' title='bbox 322 1949 378 2010; x_wconf 85' lang='grc' dir='ltr'><strong><em>καὶ</em></strong></span> <span class='ocrx_word' id='word_1_124' title='bbox 411 1944 524 2032; x_wconf 88' lang='grc' dir='ltr'><strong><em>τρίτου</em></strong></span> <span class='ocrx_word' id='word_1_125' title='bbox 554 1948 659 2030; x_wconf 86' lang='grc' dir='ltr'><strong><em>λέγων</em></strong></span> <span class='ocrx_word' id='word_1_126' title='bbox 688 1944 858 2032; x_wconf 87' lang='grc' dir='ltr'><strong><em>Αἰσχίνου.</em></strong></span> <span class='ocrx_word' id='word_1_127' title='bbox 903 1948 975 2012; x_wconf 90' lang='lat' dir='ltr'>Nisi</span> <span class='ocrx_word' id='word_1_128' title='bbox 1005 1949 1103 2012; x_wconf 81' lang='lat' dir='ltr'>etiam</span> <span class='ocrx_word' id='word_1_129' title='bbox 1127 1948 1211 2012; x_wconf 80' lang='lat' dir='ltr'>hauc</span> <span class='ocrx_word' id='word_1_130' title='bbox 1233 1949 1446 2032; x_wconf 81' lang='lat' dir='ltr'>posteriorem</span> 
     </span>
     <span class='ocr_line' id='line_1_17' title="bbox 322 2047 1446 2134; baseline -0.001 -19"><span class='ocrx_word' id='word_1_131' title='bbox 322 2047 480 2127; x_wconf 83' lang='grc' dir='ltr'><strong><em>σύνταξιν</em></strong></span> <span class='ocrx_word' id='word_1_132' title='bbox 509 2050 703 2116; x_wconf 83' lang='lat' dir='ltr'>confecisset</span> <span class='ocrx_word' id='word_1_133' title='bbox 731 2050 770 2114; x_wconf 88' lang='lat' dir='ltr'><strong><em>de</em></strong></span> <span class='ocrx_word' id='word_1_134' title='bbox 801 2050 1035 2132; x_wconf 79' lang='lat' dir='ltr'>Demosthene,</span> <span class='ocrx_word' id='word_1_135' title='bbox 1065 2049 1245 2134; x_wconf 79' lang='lat' dir='ltr'>Hyperide,</span> <span class='ocrx_word' id='word_1_136' title='bbox 1276 2050 1446 2132; x_wconf 83' lang='lat' dir='ltr'>Aeschine,</span> 
     </span>
     <span class='ocr_line' id='line_1_18' title="bbox 325 2152 1445 2238; baseline 0.002 -23"><span class='ocrx_word' id='word_1_137' title='bbox 325 2152 432 2216; x_wconf 88' lang='lat' dir='ltr'>dicere</span> <span class='ocrx_word' id='word_1_138' title='bbox 454 2154 507 2216; x_wconf 85' lang='lat' dir='ltr'><strong><em>vix</em></strong></span> <span class='ocrx_word' id='word_1_139' title='bbox 528 2155 691 2238; x_wconf 88' lang='lat' dir='ltr'>potuisset</span> <span class='ocrx_word' id='word_1_140' title='bbox 720 2152 754 2216; x_wconf 94' lang='lat' dir='ltr'><strong><em>in</em></strong></span> <span class='ocrx_word' id='word_1_141' title='bbox 779 2152 904 2235; x_wconf 88' lang='lat' dir='ltr'>judicio</span> <span class='ocrx_word' id='word_1_142' title='bbox 934 2152 973 2216; x_wconf 89' lang='lat' dir='ltr'><strong><em>de</em></strong></span> <span class='ocrx_word' id='word_1_143' title='bbox 996 2152 1160 2218; x_wconf 82' lang='lat' dir='ltr'>Dinarcho</span> <span class='ocrx_word' id='word_1_144' title='bbox 1192 2160 1235 2236; x_wconf 87' lang='lat' dir='ltr'><strong><em>(p.</em></strong></span> <span class='ocrx_word' id='word_1_145' title='bbox 1259 2154 1329 2216; x_wconf 66' lang='lat' dir='ltr'>oet.</span> <span class='ocrx_word' id='word_1_146' title='bbox 1353 2153 1445 2232; x_wconf 85' lang='grc'>630);</span> 
     </span>
     <span class='ocr_line' id='line_1_19' title="bbox 322 2250 1447 2342; baseline -0.001 -24"><span class='ocrx_word' id='word_1_147' title='bbox 322 2263 396 2339; x_wconf 80' lang='grc' dir='ltr'><strong><em>περὶ</em></strong></span> <span class='ocrx_word' id='word_1_148' title='bbox 425 2253 605 2342; x_wconf 80' lang='grc' dir='ltr'><strong><em>Δεινάρχου</em></strong></span> <span class='ocrx_word' id='word_1_149' title='bbox 643 2255 704 2320; x_wconf 82' lang='grc' dir='ltr'><strong><em>τοῦ</em></strong></span> <span class='ocrx_word' id='word_1_150' title='bbox 734 2252 879 2341; x_wconf 74' lang='grc' dir='ltr'><strong><em>ῥιίτορος</em></strong></span> <span class='ocrx_word' id='word_1_151' title='bbox 907 2253 1004 2322; x_wconf 76' lang='grc' dir='ltr'><strong><em>οἰδὲν</em></strong></span> <span class='ocrx_word' id='word_1_152' title='bbox 1037 2250 1173 2340; x_wconf 76' lang='grc' dir='ltr'><strong><em>εἴρηκάς</em></strong></span> <span class='ocrx_word' id='word_1_153' title='bbox 1204 2255 1238 2318; x_wconf 81' lang='grc' dir='ltr'><strong><em>ἐν</em></strong></span> <span class='ocrx_word' id='word_1_154' title='bbox 1266 2258 1338 2330; x_wconf 81' lang='grc' dir='ltr'><strong><em>τοῖς</em></strong></span> <span class='ocrx_word' id='word_1_155' title='bbox 1368 2256 1447 2339; x_wconf 86' lang='grc' dir='ltr'><strong><em>περὶ</em></strong></span> 
     </span>
     <span class='ocr_line' id='line_1_20' title="bbox 322 2354 1447 2444; baseline -0.003 -23"><span class='ocrx_word' id='word_1_156' title='bbox 322 2358 386 2422; x_wconf 82' lang='grc' dir='ltr'><strong><em>τῶν</em></strong></span> <span class='ocrx_word' id='word_1_157' title='bbox 409 2355 557 2444; x_wconf 89' lang='grc' dir='ltr'><strong><em>άρχαίων</em></strong></span> <span class='ocrx_word' id='word_1_158' title='bbox 580 2359 759 2444; x_wconf 78' lang='grc' dir='ltr'><strong><em>γραφεῖσι,</em></strong></span> <span class='ocrx_word' id='word_1_159' title='bbox 783 2357 843 2421; x_wconf 91' lang='grc' dir='ltr'><strong><em>διά</em></strong></span> <span class='ocrx_word' id='word_1_160' title='bbox 859 2357 897 2419; x_wconf 81' lang='grc' dir='ltr'><strong><em>τά</em></strong></span> <span class='ocrx_word' id='word_1_161' title='bbox 913 2358 997 2440; x_wconf 85' lang='grc' dir='ltr'><strong><em>μήτε</em></strong></span> <span class='ocrx_word' id='word_1_162' title='bbox 1011 2355 1150 2442; x_wconf 73' lang='grc' dir='ltr'><strong><em>εὑρετήν</em></strong></span> <span class='ocrx_word' id='word_1_163' title='bbox 1167 2354 1254 2423; x_wconf 83' lang='grc' dir='ltr'><strong><em>ἰδίου</em></strong></span> <span class='ocrx_word' id='word_1_164' title='bbox 1275 2359 1447 2440; x_wconf 84' lang='grc' dir='ltr'><strong><em>γεγονέναι</em></strong></span> 
     </span>
     <span class='ocr_line' id='line_1_21' title="bbox 316 2456 1447 2547; baseline 0.001 -26"><span class='ocrx_word' id='word_1_165' title='bbox 316 2460 529 2547; x_wconf 74' lang='grc' dir='ltr'><strong><em>χαρακτῆρος</em></strong></span> <span class='ocrx_word' id='word_1_166' title='bbox 546 2459 605 2524; x_wconf 88' lang='grc' dir='ltr'><strong><em>τόν</em></strong></span> <span class='ocrx_word' id='word_1_167' title='bbox 617 2456 742 2546; x_wconf 87' lang='grc' dir='ltr'><strong><em>άρδρα,</em></strong></span> <span class='ocrx_word' id='word_1_168' title='bbox 756 2456 865 2545; x_wconf 82' lang='grc' dir='ltr'><strong><em>ὥσπερ</em></strong></span> <span class='ocrx_word' id='word_1_169' title='bbox 881 2459 940 2525; x_wconf 82' lang='grc' dir='ltr'><strong><em>τὸν</em></strong></span> <span class='ocrx_word' id='word_1_170' title='bbox 951 2457 1085 2524; x_wconf 87' lang='grc' dir='ltr'><strong><em>Λυσίαν</em></strong></span> <span class='ocrx_word' id='word_1_171' title='bbox 1104 2462 1160 2524; x_wconf 84' lang='grc' dir='ltr'><strong><em>καὶ</em></strong></span> <span class='ocrx_word' id='word_1_172' title='bbox 1174 2456 1447 2542; x_wconf 79' lang='grc' dir='ltr'><strong><em>τὸνῚσοκράτην,</em></strong></span> 
     </span>
     <span class='ocr_line' id='line_1_22' title="bbox 325 2559 1447 2649; baseline -0.002 -24"><span class='ocrx_word' id='word_1_173' title='bbox 325 2563 383 2625; x_wconf 90' lang='grc' dir='ltr'><strong><em>καί</em></strong></span> <span class='ocrx_word' id='word_1_174' title='bbox 411 2561 470 2626; x_wconf 80' lang='grc' dir='ltr'><strong><em>τόν</em></strong></span> <span class='ocrx_word' id='word_1_175' title='bbox 497 2560 645 2640; x_wconf 78' lang='grc' dir='ltr'><strong><em>Ἰσαῖον,</em></strong></span> <span class='ocrx_word' id='word_1_176' title='bbox 675 2560 761 2643; x_wconf 78' lang='grc' dir='ltr'><strong><em>μήτε</em></strong></span> <span class='ocrx_word' id='word_1_177' title='bbox 793 2563 857 2626; x_wconf 79' lang='grc' dir='ltr'><strong><em>τῶν</em></strong></span> <span class='ocrx_word' id='word_1_178' title='bbox 886 2559 1073 2646; x_wconf 70' lang='grc' dir='ltr'><strong><em>εὑρημένων</em></strong></span> <span class='ocrx_word' id='word_1_179' title='bbox 1104 2562 1225 2649; x_wconf 78' lang='grc' dir='ltr'><strong><em>ἑτέροις</em></strong></span> <span class='ocrx_word' id='word_1_180' title='bbox 1257 2561 1447 2640; x_wconf 75' lang='grc' dir='ltr'><strong><em>τελειωτήν,</em></strong></span> 
     </span>
     <span class='ocr_line' id='line_1_23' title="bbox 324 2657 1447 2750; baseline 0 -24"><span class='ocrx_word' id='word_1_181' title='bbox 324 2659 432 2749; x_wconf 83' lang='grc' dir='ltr'><strong><em>ὥσπερ</em></strong></span> <span class='ocrx_word' id='word_1_182' title='bbox 463 2664 523 2730; x_wconf 79' lang='grc' dir='ltr'><strong><em>τόν</em></strong></span> <span class='ocrx_word' id='word_1_183' title='bbox 552 2665 775 2750; x_wconf 77' lang='grc' dir='ltr'><strong><em>ιίημοςθένην</em></strong></span> <span class='ocrx_word' id='word_1_184' title='bbox 803 2666 862 2726; x_wconf 84' lang='grc' dir='ltr'><strong><em>καὶ</em></strong></span> <span class='ocrx_word' id='word_1_185' title='bbox 891 2661 950 2727; x_wconf 85' lang='grc' dir='ltr'><strong><em>τὸν</em></strong></span> <span class='ocrx_word' id='word_1_186' title='bbox 980 2657 1146 2749; x_wconf 89' lang='grc' dir='ltr'><strong><em>Αἰσχίνην</em></strong></span> <span class='ocrx_word' id='word_1_187' title='bbox 1174 2665 1232 2726; x_wconf 90' lang='grc' dir='ltr'><strong><em>καὶ</em></strong></span> <span class='ocrx_word' id='word_1_188' title='bbox 1261 2660 1447 2746; x_wconf 80' lang='grc' dir='ltr'><strong><em>Ὑπερείδην</em></strong></span> 
     </span>
     <span class='ocr_line' id='line_1_24' title="bbox 326 2763 1446 2852; baseline -0.002 -22"><span class='ocrx_word' id='word_1_189' title='bbox 326 2763 423 2851; x_wconf 78' lang='grc' dir='ltr'><strong><em>ἡμεῖς</em></strong></span> <span class='ocrx_word' id='word_1_190' title='bbox 446 2766 611 2852; x_wconf 82' lang='grc' dir='ltr'><strong><em>κρίνομεν.</em></strong></span> <span class='ocrx_word' id='word_1_191' title='bbox 657 2765 803 2830; x_wconf 79' lang='lat' dir='ltr'>Blassius</span> <span class='ocrx_word' id='word_1_192' title='bbox 827 2765 866 2828; x_wconf 93' lang='lat' dir='ltr'><strong><em>de</em></strong></span> <span class='ocrx_word' id='word_1_193' title='bbox 889 2765 1019 2849; x_wconf 87' lang='lat' dir='ltr'>scriptis</span> <span class='ocrx_word' id='word_1_194' title='bbox 1049 2765 1168 2829; x_wconf 87' lang='lat' dir='ltr'>rhetor.</span> <span class='ocrx_word' id='word_1_195' title='bbox 1190 2766 1321 2847; x_wconf 84' lang='lat' dir='ltr'>Dionys.</span> <span class='ocrx_word' id='word_1_196' title='bbox 1344 2765 1446 2829; x_wconf 82' lang='lat' dir='ltr'>Halic.</span> 
     </span>
     <span class='ocr_line' id='line_1_25' title="bbox 325 2866 1447 2952; baseline -0.001 -21"><span class='ocrx_word' id='word_1_197' title='bbox 325 2892 356 2952; x_wconf 87' lang='lat' dir='ltr'><strong><em>p.</em></strong></span> <span class='ocrx_word' id='word_1_198' title='bbox 381 2870 418 2932; x_wconf 93' lang='grc'><strong><em>11</em></strong></span> <span class='ocrx_word' id='word_1_199' title='bbox 443 2868 539 2934; x_wconf 78' lang='lat' dir='ltr'>affert</span> <span class='ocrx_word' id='word_1_200' title='bbox 561 2874 729 2952; x_wconf 78' lang='lat' dir='ltr'>practerea</span> <span class='ocrx_word' id='word_1_201' title='bbox 751 2866 913 2932; x_wconf 84' lang='lat' dir='ltr'>scholiast.</span> <span class='ocrx_word' id='word_1_202' title='bbox 947 2867 990 2950; x_wconf 74' lang='lat' dir='ltr'><strong><em>qd</em></strong></span> <span class='ocrx_word' id='word_1_203' title='bbox 1011 2867 1162 2951; x_wconf 84' lang='lat' dir='ltr'>Hermog.</span> <span class='ocrx_word' id='word_1_204' title='bbox 1185 2867 1255 2932; x_wconf 92' lang='lat' dir='ltr'>Vll.</span> <span class='ocrx_word' id='word_1_205' title='bbox 1286 2869 1367 2932; x_wconf 71' lang='lat'>1048</span> <span class='ocrx_word' id='word_1_206' title='bbox 1390 2867 1447 2930; x_wconf 90' lang='lat' dir='ltr'><strong><em>W:</em></strong></span> 
     </span>
     <span class='ocr_line' id='line_1_26' title="bbox 325 2966 1448 3058; baseline -0.003 -23"><span class='ocrx_word' id='word_1_207' title='bbox 325 2969 500 3047; x_wconf 79' lang='grc' dir='ltr'><strong><em>Διονύσιος</em></strong></span> <span class='ocrx_word' id='word_1_208' title='bbox 522 2967 560 3046; x_wconf 79' lang='grc' dir='ltr'><strong><em>ὃς</em></strong></span> <span class='ocrx_word' id='word_1_209' title='bbox 582 2971 657 3057; x_wconf 88' lang='grc' dir='ltr'><strong><em>περὶ</em></strong></span> <span class='ocrx_word' id='word_1_210' title='bbox 673 2971 882 3058; x_wconf 82' lang='grc' dir='ltr'><strong><em>χαρακτῆρος</em></strong></span> <span class='ocrx_word' id='word_1_211' title='bbox 905 2966 1040 3051; x_wconf 75' lang='grc' dir='ltr'><strong><em>διέλαβε</em></strong></span> <span class='ocrx_word' id='word_1_212' title='bbox 1056 2968 1189 3035; x_wconf 90' lang='grc' dir='ltr'><strong><em>Λυσίου</em></strong></span> <span class='ocrx_word' id='word_1_213' title='bbox 1203 2971 1448 3052; x_wconf 77' lang='grc' dir='ltr'><strong><em>Δημοσθένους</em></strong></span> 
     </span>
     <span class='ocr_line' id='line_1_27' title="bbox 323 3069 1447 3166; baseline -0.001 -29"><span class='ocrx_word' id='word_1_214' title='bbox 323 3071 537 3166; x_wconf 84' lang='grc' dir='ltr'><strong><em>Ἰσοκράτους</em></strong></span> <span class='ocrx_word' id='word_1_215' title='bbox 558 3071 749 3158; x_wconf 84' lang='grc' dir='ltr'><strong><em>Ὑπερείδου</em></strong></span> <span class='ocrx_word' id='word_1_216' title='bbox 765 3069 968 3146; x_wconf 83' lang='grc' dir='ltr'><strong><em>Θουκυδίδου</em></strong></span> <span class='ocrx_word' id='word_1_217' title='bbox 989 3072 1058 3154; x_wconf 89' lang='lat' dir='ltr'>,qui</span> <span class='ocrx_word' id='word_1_218' title='bbox 1079 3094 1275 3155; x_wconf 84' lang='lat' dir='ltr'>quamquam</span> <span class='ocrx_word' id='word_1_219' title='bbox 1298 3078 1447 3136; x_wconf 84' lang='lat' dir='ltr'>accurate</span> 
     </span>
     <span class='ocr_line' id='line_1_28' title="bbox 326 3174 1447 3260; baseline -0.003 -19"><span class='ocrx_word' id='word_1_220' title='bbox 326 3199 391 3241; x_wconf 91' lang='lat' dir='ltr'><strong><em>non</em></strong></span> <span class='ocrx_word' id='word_1_221' title='bbox 414 3178 574 3260; x_wconf 88' lang='lat' dir='ltr'>loquitur,</span> <span class='ocrx_word' id='word_1_222' title='bbox 598 3177 660 3240; x_wconf 89' lang='lat' dir='ltr'><strong><em>hoc</em></strong></span> <span class='ocrx_word' id='word_1_223' title='bbox 682 3183 792 3240; x_wconf 83' lang='lat' dir='ltr'>tamen</span> <span class='ocrx_word' id='word_1_224' title='bbox 815 3174 954 3260; x_wconf 85' lang='lat' dir='ltr'>probare</span> <span class='ocrx_word' id='word_1_225' title='bbox 977 3175 1122 3257; x_wconf 88' lang='lat' dir='ltr'>videtur,</span> <span class='ocrx_word' id='word_1_226' title='bbox 1145 3175 1295 3238; x_wconf 78' lang='lat' dir='ltr'>ultimum</span> <span class='ocrx_word' id='word_1_227' title='bbox 1319 3195 1447 3258; x_wconf 87' lang='lat' dir='ltr'>qnoque</span> 
     </span>
     <span class='ocr_line' id='line_1_29' title="bbox 325 3276 1448 3362; baseline -0.004 -18"><span class='ocrx_word' id='word_1_228' title='bbox 325 3285 451 3362; x_wconf 82' lang='lat' dir='ltr'>partem</span> <span class='ocrx_word' id='word_1_229' title='bbox 480 3281 555 3345; x_wconf 89' lang='lat' dir='ltr'>libri</span> <span class='ocrx_word' id='word_1_230' title='bbox 584 3280 624 3345; x_wconf 93' lang='lat' dir='ltr'><strong><em>de</em></strong></span> <span class='ocrx_word' id='word_1_231' title='bbox 646 3279 791 3362; x_wconf 78' lang='lat' dir='ltr'>antiquis</span> <span class='ocrx_word' id='word_1_232' title='bbox 808 3277 1025 3357; x_wconf 84' lang='lat' dir='ltr'>oratoribus¹)</span> <span class='ocrx_word' id='word_1_233' title='bbox 1056 3297 1126 3342; x_wconf 85' lang='lat' dir='ltr'>osse</span> <span class='ocrx_word' id='word_1_234' title='bbox 1156 3276 1356 3342; x_wconf 81' lang='lat' dir='ltr'>absolutam&#39;.</span> <span class='ocrx_word' id='word_1_235' title='bbox 1399 3276 1448 3340; x_wconf 87' lang='lat' dir='ltr'><strong><em>De</em></strong></span> 
     </span>
     <span class='ocr_line' id='line_1_30' title="bbox 323 3377 1449 3467; baseline -0.006 -20"><span class='ocrx_word' id='word_1_236' title='bbox 323 3382 487 3465; x_wconf 86' lang='lat' dir='ltr'>Hyperide</span> <span class='ocrx_word' id='word_1_237' title='bbox 510 3383 577 3467; x_wconf 84' lang='lat' dir='ltr'>egit</span> <span class='ocrx_word' id='word_1_238' title='bbox 599 3388 771 3466; x_wconf 81' lang='lat' dir='ltr'>praeterea</span> <span class='ocrx_word' id='word_1_239' title='bbox 791 3381 968 3464; x_wconf 85' lang='lat' dir='ltr'>Dionysius</span> <span class='ocrx_word' id='word_1_240' title='bbox 995 3382 1030 3444; x_wconf 92' lang='lat' dir='ltr'><strong><em>in</em></strong></span> <span class='ocrx_word' id='word_1_241' title='bbox 1052 3381 1157 3444; x_wconf 87' lang='lat' dir='ltr'>altero</span> <span class='ocrx_word' id='word_1_242' title='bbox 1180 3382 1254 3465; x_wconf 82' lang='grc' dir='ltr'><strong><em>περὶ</em></strong></span> <span class='ocrx_word' id='word_1_243' title='bbox 1276 3377 1449 3464; x_wconf 82' lang='grc' dir='ltr'><strong><em>μιμήσεως</em></strong></span> 
     </span>
     <span class='ocr_line' id='line_1_31' title="bbox 324 3482 1450 3570; baseline -0.001 -23"><span class='ocrx_word' id='word_1_244' title='bbox 324 3483 427 3568; x_wconf 89' lang='lat' dir='ltr'>libro,</span> <span class='ocrx_word' id='word_1_245' title='bbox 458 3486 551 3569; x_wconf 88' lang='lat' dir='ltr'>cujus</span> <span class='ocrx_word' id='word_1_246' title='bbox 574 3486 738 3570; x_wconf 88' lang='lat' dir='ltr'>epitomen</span> <span class='ocrx_word' id='word_1_247' title='bbox 768 3505 838 3548; x_wconf 87' lang='lat' dir='ltr'>esse</span> <span class='ocrx_word' id='word_1_248' title='bbox 860 3485 996 3566; x_wconf 89' lang='lat' dir='ltr'>librum,</span> <span class='ocrx_word' id='word_1_249' title='bbox 1027 3484 1083 3567; x_wconf 91' lang='lat' dir='ltr'><strong><em>qui</em></strong></span> <span class='ocrx_word' id='word_1_250' title='bbox 1114 3482 1201 3548; x_wconf 82' lang='lat' dir='ltr'>inter</span> <span class='ocrx_word' id='word_1_251' title='bbox 1229 3484 1299 3566; x_wconf 89' lang='lat' dir='ltr'>ejus</span> <span class='ocrx_word' id='word_1_252' title='bbox 1328 3484 1450 3566; x_wconf 80' lang='lat' dir='ltr'>scripta</span> 
     </span>
     <span class='ocr_line' id='line_1_32' title="bbox 323 3583 1448 3674; baseline -0.004 -22"><span class='ocrx_word' id='word_1_253' title='bbox 323 3588 547 3654; x_wconf 74' lang='lat' dir='ltr'>circumfertur</span> <span class='ocrx_word' id='word_1_254' title='bbox 571 3583 715 3674; x_wconf 88' lang='grc' dir='ltr'><strong><em>άρχαίων</em></strong></span> <span class='ocrx_word' id='word_1_255' title='bbox 739 3594 846 3670; x_wconf 84' lang='grc' dir='ltr'><strong><em>κρίσις</em></strong></span> <span class='ocrx_word' id='word_1_256' title='bbox 868 3584 1074 3670; x_wconf 83' lang='lat' dir='ltr'>cSylburgio</span> <span class='ocrx_word' id='word_1_257' title='bbox 1097 3585 1285 3669; x_wconf 89' lang='lat' dir='ltr'>inscriptus,</span> <span class='ocrx_word' id='word_1_258' title='bbox 1308 3586 1448 3667; x_wconf 90' lang='lat' dir='ltr'>primum</span> 
     </span>
    </p>
   </div>
   <div class='ocr_carea' id='block_1_3' title="bbox 324 3753 1453 4091">
    <p class='ocr_par' dir='ltr' id='par_1_3' title="bbox 324 3753 1453 4091">
     <span class='ocr_line' id='line_1_33' title="bbox 394 3753 1449 3831; baseline -0.014 -16"><span class='ocrx_word' id='word_1_259' title='bbox 394 3762 414 3831; x_wconf 89' lang='lat'><strong><em>¹)</em></strong></span> <span class='ocrx_word' id='word_1_260' title='bbox 428 3762 461 3815; x_wconf 83' lang='lat' dir='ltr'><strong><em>de</em></strong></span> <span class='ocrx_word' id='word_1_261' title='bbox 473 3761 551 3814; x_wconf 83' lang='lat' dir='ltr'>n&#39;tulo</span> <span class='ocrx_word' id='word_1_262' title='bbox 564 3779 617 3813; x_wconf 86' lang='lat' dir='ltr'><strong><em>non</em></strong></span> <span class='ocrx_word' id='word_1_263' title='bbox 630 3766 744 3823; x_wconf 76' lang='lat' dir='ltr'>constat;</span> <span class='ocrx_word' id='word_1_264' title='bbox 759 3757 926 3811; x_wconf 77' lang='lat' dir='ltr'>inscribitur:</span> <span class='ocrx_word' id='word_1_265' title='bbox 947 3756 960 3821; x_wconf 75' lang='grc' dir='ltr'><em>ἡ</em></span> <span class='ocrx_word' id='word_1_266' title='bbox 977 3758 1092 3826; x_wconf 73' lang='grc' dir='ltr'><strong><em>περὶτῶν</em></strong></span> <span class='ocrx_word' id='word_1_267' title='bbox 1103 3753 1350 3826; x_wconf 72' lang='grc' dir='ltr'><strong><em>Ἁττικοίνρητάρων</em></strong></span> <span class='ocrx_word' id='word_1_268' title='bbox 1359 3776 1449 3826; x_wconf 79' lang='grc' dir='ltr'><strong><em>πραχ-</em></strong></span> 
     </span>
     <span class='ocr_line' id='line_1_34' title="bbox 324 3841 1453 3917; baseline -0.001 -20"><span class='ocrx_word' id='word_1_269' title='bbox 324 3853 421 3917; x_wconf 87' lang='grc' dir='ltr'><strong><em>ματεία</em></strong></span> <span class='ocrx_word' id='word_1_270' title='bbox 442 3847 494 3906; x_wconf 81' lang='lat' dir='ltr'>lad.</span> <span class='ocrx_word' id='word_1_271' title='bbox 517 3848 565 3901; x_wconf 86' lang='lat' dir='ltr'><strong><em>Cn.</em></strong></span> <span class='ocrx_word' id='word_1_272' title='bbox 580 3847 676 3916; x_wconf 90' lang='lat' dir='ltr'>Pomp.</span> <span class='ocrx_word' id='word_1_273' title='bbox 696 3865 718 3899; x_wconf 89' lang='lat' dir='ltr'><strong><em>c.</em></strong></span> <span class='ocrx_word' id='word_1_274' title='bbox 738 3848 775 3909; x_wconf 64' lang='lat'><strong><em>2»,</em></strong></span> <span class='ocrx_word' id='word_1_275' title='bbox 794 3846 856 3913; x_wconf 78' lang='grc' dir='ltr'><strong><em>περὶ</em></strong></span> <span class='ocrx_word' id='word_1_276' title='bbox 873 3845 926 3894; x_wconf 79' lang='grc' dir='ltr'><strong><em>τῶν</em></strong></span> <span class='ocrx_word' id='word_1_277' title='bbox 943 3844 1059 3908; x_wconf 76' lang='grc' dir='ltr'><strong><em>ἀρχαίων</em></strong></span> <span class='ocrx_word' id='word_1_278' title='bbox 1079 3841 1199 3912; x_wconf 77' lang='grc' dir='ltr'><strong><em>ρητόρων</em></strong></span> <span class='ocrx_word' id='word_1_279' title='bbox 1218 3843 1453 3911; x_wconf 67' lang='grc' dir='ltr'><strong><em>ὑπομνηματισμοί</em></strong></span> 
     </span>
     <span class='ocr_line' id='line_1_35' title="bbox 326 3929 1450 4004; baseline -0.004 -16"><span class='ocrx_word' id='word_1_280' title='bbox 326 3933 381 3998; x_wconf 78' lang='lat' dir='ltr'>(ad.</span> <span class='ocrx_word' id='word_1_281' title='bbox 400 3933 490 3987; x_wconf 89' lang='lat' dir='ltr'>Amm.</span> <span class='ocrx_word' id='word_1_282' title='bbox 511 3951 553 4004; x_wconf 86' lang='lat' dir='ltr'><strong><em>ep.</em></strong></span> <span class='ocrx_word' id='word_1_283' title='bbox 572 3932 610 3987; x_wconf 91' lang='grc' dir='ltr'><strong><em>ΙΙ.</em></strong></span> <span class='ocrx_word' id='word_1_284' title='bbox 629 3931 715 4001; x_wconf 77' lang='lat' dir='ltr'>init),</span> <span class='ocrx_word' id='word_1_285' title='bbox 741 3933 800 4000; x_wconf 74' lang='grc' dir='ltr'><strong><em>περὶ</em></strong></span> <span class='ocrx_word' id='word_1_286' title='bbox 823 3933 875 3981; x_wconf 80' lang='grc' dir='ltr'><strong><em>τῶν</em></strong></span> <span class='ocrx_word' id='word_1_287' title='bbox 899 3931 1015 4002; x_wconf 78' lang='grc' dir='ltr'><strong><em>ἀρχαίων</em></strong></span> <span class='ocrx_word' id='word_1_288' title='bbox 1040 3929 1084 4000; x_wconf 90' lang='lat' dir='ltr'><strong><em>(de</em></strong></span> <span class='ocrx_word' id='word_1_289' title='bbox 1101 3929 1236 3984; x_wconf 87' lang='lat' dir='ltr'>Dinarcho</span> <span class='ocrx_word' id='word_1_290' title='bbox 1259 3947 1282 3983; x_wconf 91' lang='lat' dir='ltr'><strong><em>c.</em></strong></span> <span class='ocrx_word' id='word_1_291' title='bbox 1310 3931 1351 4001; x_wconf 85' lang='lat'><strong><em>1);</em></strong></span> <span class='ocrx_word' id='word_1_292' title='bbox 1377 3933 1450 4002; x_wconf 81' lang='lat' dir='ltr'>apud</span> 
     </span>
     <span class='ocr_line' id='line_1_36' title="bbox 326 4015 1431 4091; baseline -0.003 -15"><span class='ocrx_word' id='word_1_293' title='bbox 326 4019 437 4076; x_wconf 80' lang='lat' dir='ltr'>seriores</span> <span class='ocrx_word' id='word_1_294' title='bbox 455 4023 514 4090; x_wconf 78' lang='grc' dir='ltr'><strong><em>περὶ</em></strong></span> <span class='ocrx_word' id='word_1_295' title='bbox 529 4017 703 4091; x_wconf 79' lang='grc' dir='ltr'><strong><em>χαρακτήρων</em></strong></span> <span class='ocrx_word' id='word_1_296' title='bbox 720 4020 772 4070; x_wconf 81' lang='grc' dir='ltr'><strong><em>τῶν</em></strong></span> <span class='ocrx_word' id='word_1_297' title='bbox 791 4016 910 4089; x_wconf 75' lang='grc' dir='ltr'><strong><em>ρητόρων</em></strong></span> <span class='ocrx_word' id='word_1_298' title='bbox 929 4018 1020 4086; x_wconf 70' lang='lat' dir='ltr'>(Rhet.</span> <span class='ocrx_word' id='word_1_299' title='bbox 1040 4033 1081 4084; x_wconf 86' lang='lat' dir='ltr'><strong><em>gr.</em></strong></span> <span class='ocrx_word' id='word_1_300' title='bbox 1096 4015 1130 4070; x_wconf 83' lang='lat' dir='ltr'><strong><em>V.</em></strong></span> <span class='ocrx_word' id='word_1_301' title='bbox 1150 4020 1199 4070; x_wconf 78' lang='lat'><strong><em>648</em></strong></span> <span class='ocrx_word' id='word_1_302' title='bbox 1217 4016 1279 4072; x_wconf 89' lang='lat' dir='ltr'><strong><em>VH.</em></strong></span> <span class='ocrx_word' id='word_1_303' title='bbox 1299 4017 1431 4085; x_wconf 56' lang='grc'><strong>880111).</strong></span> 
     </span>
    </p>
   </div>
   <div class='ocr_carea' id='block_1_4' title="bbox 0 0 1605 5002">
    <p class='ocr_par' dir='ltr' id='par_1_4' title="bbox 0 0 1605 5002">
     <span class='ocr_line' id='line_1_37' title="bbox 0 0 1605 5002; baseline 0 0"><span class='ocrx_word' id='word_1_304' title='bbox 0 0 1605 5002; x_wconf 95' lang='lat' dir='ltr'><strong><em> </em></strong></span> 
     </span>
    </p>
   </div>
  </div>
 </body>
</html>
