3190 5002
747 393 959 464 *20-

291 567 422 648 praeter
450 566 630 632 Diodorum
663 568 760 632 etiam
796 569 1004 635 scholiastam
1031 567 1200 634 Aeschinis
1229 565 1279 636 bis
1314 568 1413 656 hujus

292 669 506 754 expeditionis
533 670 639 736 facere
669 671 865 736 mentionem
892 671 1091 756 Diodorique
1121 671 1312 739 confirmare
1341 695 1411 738 sen-

289 773 437 837 tentiam.
492 773 666 839 Praeterea
705 774 760 838 ad·
778 775 1006 841 instruendum
1046 776 1163 840 tertiae
1199 775 1413 861 expeditionis

289 881 484 959 apparatum
515 875 680 950 ἐπιδόσεις
709 875 812 941 factas
844 898 912 942 esse
935 882 1136 960 compertum
1158 899 1225 942 non
1246 878 1413 963 habemus,
1454 901 1456 912 ¹

210 981 214 988 '
290 978 332 1043 ad
354 978 489 1043 alterius
518 977 622 1043 factas
651 1000 720 1043 esse
748 978 842 1044 docet
863 980 953 1046 Dem.
976 979 1063 1062 XXI,
1088 981 1166 1044 161:
1195 978 1250 1066 (cf.
1272 980 1412 1046 Boeckh.

291 1076 416 1145 de‘oec.
439 1081 515 1144 Ath.
539 1081 554 1144 Ι
577 1082 639 1146 732
659 1103 740 1164 εσυ,
764 1081 804 1146 de
825 1083 921 1147 inser.
945 1104 1016 1148 nav.
1039 1107 1070 1167 p.
1096 1082 1156 1148 189
1180 1083 1243 1169 sq.)
1266 1082 1408 1169 ἐγένοντ’

287 1187 333 1258 εὶς
357 1181 512 1264 Εὔβοιαν
541 1181 707 1258 ἐπιδόσεις
736 1182 813 1269 παρ’
847 1182 932 1268 ύμῖν·
956 1183 1082 1250 τούτων
1105 1181 1166 1249 ούκ
1190 1169 1234 1262 ύν
1255 1182 1412 1267 Μειδίας,

287 1282 360 1349 ἀλλ’
386 1284 459 1370 ἐγώ,
482 1286 540 1349 καὶ
560 1285 822 1372 συντριήραρχος
845 1277 887 1364 ἦν
901 1310 960 1371 μοι
974 1286 1117 1362 Φιλῖνος
1133 1283 1412 1372 ὁΝικοστρύτου.

287 1382 402 1471 ἕτεραι
425 1385 577 1472 δεύτεραι
598 1387 686 1471 μετοί
710 1389 816 1452 ταῦτα
839 1385 887 1464 είς
901 1379 1086 1456 Ὄλυνθού·
1117 1387 1193 1454 ούδέ
1215 1389 1346 1454 τούτων
1369 1381 1412 1470 ἦν

285 1489 441 1566 Μειδίας.
479 1488 591 1576 τρίται
620 1491 678 1554 νῦν
714 1483 814 1556 αὗται
842 1489 1024 1577 γεγόνασιν
1052 1489 1226 1566 ἐπιδόσεις·
1259 1491 1411 1556 ἐνταῦθα

286 1593 444 1674 ἐπέδωκε,
476 1598 546 1657 turn
575 1592 713 1675 demum,
744 1614 817 1658 cum
848 1594 890 1659 ad
912 1594 1073 1678 Tamyras
1097 1593 1300 1658 obsideretur
1322 1615 1410 1660 excr-

284 1697 367 1760 citus
389 1695 606 1760 Atheniensis.
628 1696 757 1760 Profert
787 1696 990 1779 Schael'erus,
1013 1696 1150 1760 alteram
1173 1697 1410 1781 expeditionem

284 1797 462 1863 Euboicam
484 1821 549 1863 non
571 1805 755 1882 susceptam
778 1820 846 1864 esse
869 1804 1004 1882 propter
1026 1797 1224 1882 Philippum,
1249 1801 1305 1881 qui
1326 1799 1408 1865 Pho-

284 1902 371 1966 censi
399 1900 485 1966 bello
517 1901 610 1967 finito
641 1900 769 1966 demum
800 1900 946 1983 01.108‚
975 1901 1107 1981 malo)
1136 1900 1233 1965 rebus
1256 1900 1409 1968 Euboicis

284 2025 353 2068 sese
374 2005 585 2069 immiscuerit
615 2004 717 2084 (Dein.
746 2004 834 2087 ΧΙΧ,
866 2004 916 2067 83.
940 2004 989 2067 87.
1012 2002 1100 2088 204),
1132 2009 1280 2068 auctores
1310 2003 1409 2069 fuisse

282 2103 447 2171 Eubulum
470 2105 604 2190 ejusque
627 2106 747 2187 socios;
778 2127 883 2190 neque
905 2109 1014 2170 tamen
1036 2127 1166 2189 possum
1188 2105 1305 2189 lacere,
1329 2106 1408 2189 quin

280 2229 353 2274 cum
384 2207 619 2290 quodammodo
656 2206 788 2272 affinem
821 2208 920 2272 fuisse
949 2228 1096 2272 censeam
1127 2208 1299 2273 turbandis
1329 2214 1408 2273 tunc

281 2306 520 2376 Euboccnsium
541 2309 647 2375 rebus.
691 2310 834 2375 Litteras
866 2310 955 2374 dedit
977 2311 1020 2374 ad
1041 2310 1258 2393 Euboeeuses,
1281 2311 1314 2374 in
1338 2312 1407 2392 qui·

280 2410 341 2480 bus
377 2413 459 2478 haec
495 2413 619 2498 scripta
656 2420 750 2477 erant
779 2435 796 2477 e
827 2414 989 2478 sententia
1022 2412 1217 2478 scholiastae
1245 2435 1298 2496 ,ne
1328 2415 1406 2498 quid

280 2522 451 2602 sperarent
473 2516 587 2580 auxilii
610 2536 626 2579 e
649 2515 805 2581 societate
822 2515 1080 2597 Atheniensium,
1104 2516 1160 2597 qui
1182 2538 1216 2580 se
1238 2516 1326 2601 ipsos
1340 2539 1405 2581 non

279 2625 413 2704 possent
440 2640 568 2684 servare
597 2619 635 2683 cf.
667 2618 765 2684 schol.
796 2619 837 2683 ad
859 2619 949 2682 Deru.
972 2617 1027 2700 IV,
1057 2619 1114 2681 37:
1154 2613 1321 2693 ὁσκοπός
1343 2615 1406 2697 τῆς

278 2721 456 2800 ἐπιστολῆς
485 2721 578 2786 ἐστιν
609 2713 715 2796 οὗτος·
748 2717 765 2784 ὁ
800 2717 977 2794 Φίλιππος
1006 2717 1195 2783 ἐπέστειλεν
1224 2718 1405 2803 Eustasius

278 2823 508 2910 συμβουλεύων
530 2823 577 2906 μύ
596 2823 666 2887 δεῖν
678 2819 822 2901 ἐλπίζειν
844 2825 890 2897 είς
913 2821 974 2900 τήν
994 2819 1187 2899 Ἀθηναίων
1201 2820 1404 2909 συμμαχίαν,

240 2983 248 3000 ,
280 2921 315 2990 οἲ
341 2925 417 2993 οὐδὲ
454 2921 578 2999 αύτούς
614 2922 777 2990 δύνανται
807 2920 935 3002 σώζειν.
965 2924 1004 2988 cf.
1034 2923 1179 2989 Voemeli
1215 2924 1337 3010 proleg.
1369 2928 1404 2990 in

277 3026 369 3111 Dem‚
392 3028 437 3092 IV
460 3028 530 3092 etl
552 3033 580 3109 ξ.
602 3029 642 3091 21
666 3051 697 3110 p.
722 3027 761 3090 77
784 3047 831 3109 sq.
867 3026 915 3091 De
938 3025 1043 3091 Callia
1065 3024 1144 3090 dicit
1155 3027 1331 3093 Aeschines
1346 3028 1403 3111 ΙΠ,

277 3132 332 3195 87:
363 3127 562 3215 συναγείρας
589 3126 622 3207 ἐξ
650 3127 786 3206 οίπύσης
812 3132 875 3206 τῆς
903 3126 1054 3212 Εὐβοίας
1085 3126 1318 3213 στρατόπεδον
1346 3131 1402 3192 καὶ

276 3232 370 3319 παρα
403 3231 582 3296 Φιλίππου
612 3229 752 3314 δύναμιν
779 3227 1192 3317 προσμεταπεμψάμενος,·
1226 3237 1402 3316 utrumque

276 3334 316 3399 ab
346 3334 505 3399 Aeschine
535 3334 648 3400 fictum
677 3355 747 3399 esse
776 3336 944 3400 contendit
972 3333 1174 3417 Schaeferus,
1205 3333 1313 3403 fuisse.
1331 3341 1401 3400 tum

276 3437 505 3502 Chalcidenses
534 3439 569 3502 in
598 3437 742 3502 amicitia
769 3459 841 3502 cum
868 3435 1132 3519 Atheniensibus,
1163 3436 1226 3501 sed.
1251 3436 1290 3501 of.
1314 3437 1400 3521 quod

274 3543 302 3622 ᾗ.
317 3541 357 3604 86
369 3541 447 3605 dicit
459 3540 648 3605 Aeschines:
671 3538 748 3603 ἄλλ’
770 3539 880 3619 ἐπειδή
904 3538 1030 3623 διέβητ’
1057 3533 1106 3614 εἰς
1118 3535 1271 3620 Εὔβοιαν
1283 3540 1400 3604 Πλου-

272 3640 382 3731 τάρχῳ
411 3640 658 3732 βοηθήσοντες,
691 3637 768 3718 τούς
797 3647 858 3725 μέν
886 3642 1034 3727 πρώτους
1058 3641 1202 3730 χρόνους
1231 3639 1305 3705 ἄλλ’
1339 3627 1400 3707 ούν

272 3743 535 3831 προσεποιοῦνθ’
549 3743 626 3828 ύμῖν
639 3733 723 3810 εἶναι
735 3741 847 3830 φίλοι,Ι
856 3743 970 3822 ἐπειδὴ
985 3747 1020 3810 δέ
1035 3742 1161 3830 τάχιστ’
1175 3741 1223 3820 είς
1237 3742 1398 3827 Ταμύνας

271 3845 502 3931 παρήλθομεν
532 3849 589 3911 καὶ
618 3847 656 3912 τό
679 3846 874 3912 Κοτύλαιον
904 3843 1160 3929 ὀνομαζόμενον
1182 3844 1260 3932 ὅρος
1284 3842 1396 3930 ύπερε-

270 3949 456 4034 βάλλομεν,
480 3951 633 4015 ἐνταῦθα
656 3947 811 4024 Καλλίας
833 3946 851 4012 ὁ
875 3949 1074 4030 Χαλκιδεύς,
1099 3944 1136 4014 όν
1160 3948 1396 4030 Λημοσθένης,

269 4050 850 4139 μισθόνλαβύνένεκωμίαζεν,ὁρῶν
859 4052 897 4117 τό
907 4051 1189 4139 στρατόπεδοντό
1202 4051 1259 4130 τῆς
1268 4050 1398 4127 πόλεως
