3190 5002
612 333 839 408 .--ι7-’-

26 544 41 581 ῃ
147 573 149 578 .
184 512 392 600 perspexisse
415 501 456 582 et'
478 513 716 584 demonstrasse
746 515 883 584 Beckeri
904 518 1057 584 meritum
1079 477 1135 586 est
1157 517 1213 606 (cf.
1242 519 1263 586 l.
1285 519 1306 588 l.

63 640 66 646 Δ
207 618 277 682 ,17
299 640 352 682 n..

26 670 42 766 d
184 639 204 703 p
267 619 720 805 Didhmum'commentatum
743 744 812 788 esse
834 724 1032 809 Hyperidem
1059 746 1163 808 aeque
1177 740 1222 792 ‘ac
1244 726 1306 792 Ds-

68 915 72 920 .
183 824 387 890 mosthenem
415 817 615 892 Aeschinem*
638 827 765 892 Isaeum
804 827 856 907 (cf.
884 827 1013 911 Didym.
1048 828 1163 912 fragm.
1192 830 1232 894 ed
1262 829 1305 896 M.

171 926 356 1002 'Schmidtii
377 928 453 994 inde
475 949 496 993 a
517 953 548 1013 p.
571 931 647 1010 310)
670 930 866 1014 intelligitur
888 951 927 994 ex
948 931 1106 1014 Harpoor.
1129 953 1153 996 s.
1175 955 1204 996 v.
1226 927 1306 1010 ὀξυ-

184 1027 395 1116 θύμων-ὲν
417 1032 464 1117 τῷ
485 1029 708 1115 ὑπομνήματι
722 1027 781 1108 ,εἰς
803 1031 864 1098 τόν
886 1032 1161 1116 κατιλΔημάδοο.
1190 1035 1312 1119 Itaque

183 1120 251 1199 veri
266 1134 466 1204 simillimum
483 1156 553 1200 esse
567 1135 719 1224 arbitror,
736 1136 823 1218 quod
835 1134 998 1221 Sauppius
1012 1137 1160 1220 conjecit,
1173 1136 1307 1204 Suidam

185 1259 208 1304 s.
230 1259 258 1301 v.
281 1235 414 1316 ἄνδηρα
444 1237 517 1320 ipsa
537 1238 710 1322 Hyperidis
741 1238 840 1304 verba
868 1260 885 1304 e
907 1238 1040 1322 Didymi
1067 1240 1307 1321 commentariis

184 1339 377 1426 Hyperideis
400 1359 553 1406 servasse.
1172 1401 1174 1407 .

267 1438 456 1532 Ὑποθὲσως
478 1443 519 1509 ad
533 1444 707 1528 Hyperidis
730 1445 894 1525 orationes
917 1443 1058 1508 confecit
1073 1443 1175 1509 Gaius
1196 1444 1308 1510 Aelius
1395 1463 1398 1468 ·

184 1545 432 1629 Harpocration.
456 1546 572 1620 Tradit
587 1545 703 1612 Suidas
720 1569 744 1611 s.
761 1570 789 1612 r.
807 1543 1060 1631 Ἁρποκρατίων
1076 1546 1309 1631 Gaiumflarp.

186 1649 262 1733 περὶ
286 1649 349 1714 τῶν
372 1646 553 1734 Ὑπερείδου
575 1651 632 1714 καὶ
654 1635 786 1715 Λύοἱοο
808 1646 917 1734 λόγων
939 1649 1104 1734 scripsisse
1127 1649 1309 1731 etthehum

121 1785 124 1796 =
150 1803 155 1826 ,
183 1752 283 1836 Harp.
316 1748 502 1830 ὑποθέρεις
531 1743 729 1837 τῶνλὸγων
752 1749 932 1836 Ὑπερείδου
954 1754 1188 1838 composuisse·
1225 1753 1308 1818 Lau-

183 1854 327 1921 dandum
343 1859 402 1935 est,
427 1854 515 1936 quod
529 1853 644 1919 Kiessl,
661 1855 771 1939 p.·144
785 1854 940 1939 proponit
961 1876 1046 1937 ‚cum
1068 1855 1187 1920 mirum
1210 1853 1306 1938 esset,

143 1953 147 1960 ’
184 1964 357 2038 utrumque
380 1956 562 2040 sophistam
585 1957 624 2021 de
635 1957 799 2040 Hyperide
822 1957 998 2040 compsisse,
1021 1958 1080 2024 hos
1104 1957 1167 2023 duo
1191 1957 1308 2022 Gaium
1438 1977 1443 1986 ·

189 2065 222 2124 et
251 2058 383 2136 Aelium,
408 2057 513 2124 dictos
540 2081 642 2126 unum
673 2059 875 2142 eundemque
905 2080 975 2124 esse
1006 2066 1039 2126 et
1067 2061 1101 2126 iu
1129 2059 1192 2127 duo
1216 2059 1309 2144 quasi

186 2160 361 2228 dissectum
384 2162 472 2245 apud
495 2161 637 2228 Suidam.
719 2231 722 2236 ,
1111 2217 1135 2231 .,

267 2265 429 2329 Heronem
444 2263 549 2350 (Suid.
574 2287 597 2330 s.
616 2278 648 2355 jv.
664 2260 786 2348 Ἥρων)
810 2265 845 2328 in
866 2264 951 2328 libro
975 2264 1052 2349 aspi
1073 2263 1136 2330 τῶν
1159 2260 1306 2350 οἷρχαίων

181 2353 331 2455 Ιῥητόρων
346 2368 478 2443 κἀὶτῶν
493 2365 613 2453 λόγων,
632 2355 681 2443 οἷς
697 2366 850 2446 ἐνίκησαν
865 2365 947 2451 πρὸς
963 2364 1131 2444 ἀλλήλους
1149 2363 1307 2447 οἷγωνιζὸ-

179 2492 276 2553 μενοι
307 2470 407 2534 etiam
433 2462 611 2552 ¹Hyperidis
642 2491 715 2534 cum
743 2469 963 2535 Demosthene
1000 2474 1033 2552 et
1061 2469 1205 2534 Demade
1234 2489 1307 2534 con·

181 2573 344 2636 tentiones
361 2571 505 2638 forenses
518 2571 720 2636 enarravisse
734 2572 908 2638 admodum
927 2571 1148 2636 verisimiliter
1167 2570 1308 2654 conjecit

184 2674 525 2860 KleSSHlulfirddliem,
557 2796 641 2860 quae
669 2777 708 2842 de
730 2775 906 2861 Hyperidis
928 2775 998 2842 vita
1020 2776 1156 2860 scimus,
1183 2775 1304 2841 hausta

181 2885 259 2944 sunt
280 2901 297 2944 e
318 2879 370 2943 Ps.
393 2879 479 2944 Plut.
502 2867 617 2944 vittX
639 2885 738 2945 oratt.
761 2903 792 2964 p.
810 2879 872 2943 848
894 2878 923 2942 D
946 2899 1050 2962 usque
1072 2879 1115 2943 ad
1136 2903 1167 2964 p.
1188 2879 1256 2950 850,
1270 2878 1307 2944 Β.
1372 2949 1376 2955 ,

181 2981 277 3046 Hune
303 2981 423 3047 librum
452 3003 518 3046 uon
545 2982 726 3067 perfectum
754 3003 823 3046 esse
853 2980 1072 3046 aPlutarcho
1103 2988 1227 3048 certum
1258 2986 1309 3070 est
1421 3035 1424 3041 Α

180 3083 220 3148 cf.
229 3084 265 3149 A.
275 3082 440 3150 Schasferi
449 3090 618 3150 comment.
627 3085 667 3150 de
682 3084 764 3150 libro
773 3083 882 3149 virax
892 3090 1069 3167 oratorum,
1083 3084 1303 3170 Dresd.1844,

123 3175 126 3180 ’
152 3181 154 3188 ’
181 3188 238 3270 qui
260 3194 387 3270 censet,
416 3188 500 3258 vitas
525 3187 634 3252 decem
657 3194 825 3253 oratorum
846 3208 912 3253 non
934 3188 1037 3254 multo
1059 3193 1135 3272 post
1156 3186 1306 3270 Dionysii

179 3290 475 3355 Hahearnassensis
491 3296 633 3356 aetatem
655 3289 695 3354 ab
712 3290 824 3372 aliquo
838 3289 1050 3374 grammatico
1067 3289 1209 3353 brariter
1232 3309 1302 3353 esse

179 3393 361 3476 descriptas
382 3395 418 3457 in
439 3414 534 3459 usum
549 3415 671 3474 eorum,
695 3393 751 3475 qui
769 3393 811 3456 ad
832 3393 1005 3458 lectionem
1027 3397 1194 3457 oratorum
1217 3391 1301 3456 anti·

180 3517 320 3578 quorum
339 3496 548 3560 accederent?
577 3501 669 3578 post,
685 3517 799 3578 ¹quum
819 3497 853 3559 in
876 3494 997 3560 scholis
1020 3494 1190 3560 rhetorum
1213 3493 1304 3559 lecti-

179 3599 246 3664 tari
259 3619 325 3664 non
338 3588 533 3681 desinerent,
553 3621 573 3664 a
589 3596 808 3682 compluribus
828 3596 1137 3684 hominibusdoctis
1151 3595 1307 3662 indoctis·
1382 3673 1386 3682 ‚

180 3723 245 3786 que
272 3701 470 3785 temporibus
501 3701 633 3766 diversis
663 3700 877 3783 interpolatas
908 3706 941 3765 et
970 3699 1187 3785 amplificatas
1218 3699 1307 3764 esse’.

177 3805 295 3870 Paullo
325 3805 508 3870 accuratius
530 3801 705 3888 Hyperidis
733 3799 847 3868 vitam
864 3803 1029 3869 enarravit
1059 3797 1194 3866 Photius
1228 3802 1306 3868 bibl.
1392 3811 1394 3816 '

180 3908 252 3972 cod.
281 3908 361 3990 266,
391 3908 447 3990 qui
477 3908 594 3974 saltem
623 3906 787 3972 natahbus
818 3912 851 3972 et
881 3912 987 3972 morte
1016 3905 1190 3990 Hyperidis
1221 3906 1308 3980 ritae

179 4009 431 4096 descriptionem
458 4010 666 4094 terminavit,¹
700 4016 846 4076 attamen
873 4009 942 4077 fere
974 4008 1089 4074 iisdem
1119 4006 1225 4076 verbis
1255 4007 1307 4076 Ps.
