3190 5002
651 354 867 443 ss25..

203 549 314 636 paullo
342 551 418 635 post
447 547 656 633 Hyperidem,
690 569 763 614 oum
792 547 943 632 Byzantii
971 567 991 612 a
1018 544 1172 630 Philippo
1203 541 1328 611 obsessi

203 653 360 719 auxilium
371 656 522 734 peterent
533 650 574 716 ab
582 650 846 735 Atheniensibus,
855 649 1169 716 trierarchimunere
1178 647 1326 714 functum

204 777 273 822 esse
297 761 330 820 et
343 755 455 820 eodem
477 775 573 838 anno,
598 775 794 836 quamquam
810 753 984 819 trierarchi
1003 775 1063 836 per
1080 747 1144 817 duo
1161 751 1327 836 proximos

203 879 306 924 annos
343 857 484 942 exempti
527 862 622 921 erant
650 857 793 940 liturgiis
800 907 809 939 ,
844 856 1030 940 eboregiam
1058 855 1263 938 praestitisse
1292 854 1327 918 in

203 963 329 1045 magnis
352 959 516 1042 Dionysiis
545 960 610 1025 τῶν
637 955 750 1024 ἄλλων
777 956 983 1046 λειτουργίας
1011 955 1120 1036 πάσης
1143 955 1329 1042 ἀφειμένων

203 1065 255 1129 Ps.
283 1064 368 1128 Plut.
392 1061 545 1148 84881)
588 1061 760 1147 Philippus
788 1061 989 1146 indignatus,
1020 1059 1107 1144 quod
1135 1059 1329 1142 Byzantium

203 1165 317 1232 urbem
347 1165 477 1230 fortiter
506 1163 547 1229 ab
569 1162 825 1230 Atheniensibus
856 1185 1033 1246 eorumque
1060 1163 1154 1228 sociis
1182 1162 1330 1246 adjutam

204 1268 373 1336 obsidione
383 1288 498 1352 capere
506 1287 571 1332 non
580 1267 698 1354 potuit,
706 1265 1120 1332 vehementeroeeasionem
1130 1265 1331 1348 exspectavit

204 1392 343 1457 poenam
365 1369 406 1435 ab
428 1368 680 1435 Atheniensibus
701 1368 880 1454 repetendi.
923 1369 993 1434 Hae
1014 1371 1048 1434 in
1069 1389 1105 1433 re
1127 1368 1259 1454 adjutus
1282 1373 1331 1434 est

207 1474 248 1539 ab
261 1473 390 1555 amicis,
412 1471 588 1538 Aeschines
599 1473 672 1557 fuit,
692 1473 748 1556 qui
765 1472 906 1556 turpiter
917 1470 993 1536 ficto
1005 1471 1138 1557 pietatis
1149 1471 1330 1555 religionis·
1419 1513 1422 1520 .

207 1598 270 1661 que
284 1575 520 1642 studiohellum
532 1573 908 1660 contraamphissenses,
924 1574 1133 1658 quodagrum
1141 1573 1331 1639 Cirrhaeum

206 1679 334 1744 Solonis
357 1683 465 1743 aetate
477 1677 633 1762 Delphico
653 1677 775 1763 templo
796 1676 981 1743 dedicatum
1003 1677 1157 1760 colerent,
1180 1675 1332 1744 conflavit

206 1789 238 1846 et
268 1781 310 1846 ad
338 1780 526 1864 Philippum
554 1781 726 1863 imperium
762 1780 889 1845 detulit.
939 1779 1172 1865 Thermopylas
1199 1777 1332 1844 transiit

206 1884 389 1968 Philippus,
403 1884 480 1947 vicit
493 1883 680 1966 exereitum,
693 1904 790 1966 quem
802 1883 923 1948 auxilio
935 1882 1094 1948 miserant
1104 1880 1331 1964 Athenienses,

205 1984 534 2070 Amphissamurbem
543 1987 748 2070 expugnavit.
757 1984 947 2068 Philippum
955 1984 1146 2051 hoehellum
1154 1983 1332 2067 suscepisse

206 2111 273 2154 non
294 2093 331 2152 ut
350 2088 458 2171 jussui
469 2087 744 2172 Amphictyonum
756 2086 999 2172 obsequeretur,
1023 2088 1080 2154 sed
1094 2094 1132 2153 ut
1145 2086 1332 2153 libertatem

207 2191 405 2274 opprimeret
414 2190 622 2275 Graecorum,
635 2197 773 2274 apparet
786 2213 824 2256 ex
835 2211 883 2275 00,
897 2190 1143 2274 quodElateam
1154 2190 1332 2273 occupavit.

206 2293 298 2372 Quod
320 2313 393 2358 eum
403 2292 551 2358 Athenas
565 2294 753 2360 nuntiatum
772 2299 867 2378 esset,
892 2315 1017 2359 summa
1029 2292 1093 2358 fuit
1110 2292 1332 2359 eonsternatio

206 2395 245 2461 of.
278 2396 369 2461 Dem.
399 2395 519 2479 XVIII,
552 2395 613 2460 169
636 2417 707 2479 sqq.
737 2396 831 2460 Diod.
860 2395 946 2461 XVI.
969 2397 1011 2460 84
1033 2399 1108 2480 sq.²)
1153 2395 1333 2479 Postquam

205 2497 437 2563 Demosthenis
473 2502 545 2561 arte
574 2502 607 2561 et
635 2497 825 2580 eloquentia
854 2497 1001 2564 Thebani
1033 2498 1113 2581 quid
1140 2499 1215 2563 usui
1246 2504 1332 2563 esset

207 2601 314 2666 edocti
336 2600 467 2683 rejectis
489 2598 654 2685 prioribus
676 2599 858 2664 inimicitiis
882 2601 1071 2666 societatem
1093 2601 1239 2666 inierunt
1260 2621 1333 2666 oum

205 2701 461 2769 Atheniensibus
492 2707 525 2767 et
556 2700 607 2766 bis
630 2701 771 2766 feliciter
798 2707 980 2787 pugnatum
1009 2707 1059 2767 est
1089 2703 1191 2783 (Dem.
1213 2701 1332 2786 XVIII,

207 2807 282 2887 216)
316 2805 521 2890 rogationem
543 2803 586 2868 ad
606 2805 765 2888 populum
787 2805 865 2870 tulit
886 2804 1079 2890 Hyperides,
1100 2811 1139 2870 ut
1160 2805 1190 2870 ei
1213 2826 1334 2870 corona

207 3029 352 3093 πανταχοῦ,
380 3029 415 3086 εἰς
434 3025 644 3091 Πελοπόννησον,
670 3028 706 3086 εἰς
726 3023 835 3092 Ῥόδον,’
859 3027 896 3085 εἰς
920 3030 997 3092 Χίον,
1023 3025 1056 3088 ὥς
1073 3029 1181 3096 βασιλέα
1199 3030 1262 3096 λέγω
1282 3033 1332 3081 eta.

206 3113 314 3185 [Dem.]
332 3113 397 3180 XII,
417 3119 449 3168 6:
472 3114 551 3182 χωρὶς
568 3117 655 3164 τοίνυν
673 3115 709 3172 εἰς
726 3115 805 3165 τοῦτο
822 3119 987 3183 παρανομίας
1004 3113 1106 3184 ἀφῖχθε
1123 3117 1166 3166 καὶ
1183 3115 1335 3183 δυσμενείας

207 3199 272 3251 ὥστε
291 3203 335 3252 καὶ
351 3199 418 3269 πρὸς
434 3199 483 3251 τὸν
501 3203 607 3268 Πέρσην
625 3203 743 3268 πρέσβεις
765 3199 949 3252 enervatum
968 3206 1018 3254 etc.
1043 3199 1140 3255 Aesch.
1158 3201 1211 3266 HI,
1231 3199 1332 3256 238111.

207 3287 311 3341 Schaef.
325 3287 345 3340 l.
358 3286 377 3340 l.
391 3286 420 3338 II
432 3305 460 3356 p.
475 3289 523 3340 451
544 3285 625 3355 legati
642 3303 658 3338 a
675 3303 737 3355 rege
754 3285 897 3339 Persarum
914 3285 980 3339 nihil
997 3285 1215 3357 impetraverunt,
1227 3285 1335 3355 negavit

206 3373 251 3426 ille
269 3371 448 3442 argentarium
466 3369 592 3423 auxilium
611 3371 736 3424 daturum
754 3389 781 3424 se
800 3389 870 3436 esse3
891 3371 968 3425 aliter
984 3370 1030 3424 Ps.
1049 3371 1122 3424 Plut.
1142 3372 1222 3428 8th
1240 3371 1337 3426 848E:

176 3552 185 3558 ἢ
278 3491 297 3562 ¹)
316 3491 349 3544 cf.
370 3490 399 3543 C.
419 3491 465 3543 Fr.
485 3489 635 3542 Hermanni
653 3490 754 3560 antiqq.
774 3490 797 3543 I.
817 3493 913 3558 §.loa
930 3495 970 3545 16.
989 3491 1157 3544 Boeekh.de
1174 3490 1251 3543 inser.
1271 3508 1332 3543 nav.

206 3595 234 3649 p.
255 3578 304 3632 175
322 3575 425 3629 Sebaef.
439 3574 534 3628 l.l.11
551 3593 579 3644 p.
593 3578 653 3630 481.
675 3579 688 3628 l
707 3582 800 3628 monet
817 3574 897 3629 etiam
910 3576 943 3628 de
956 3574 1036 3628 choro
1049 3575 1195 3646 'Phargeliis
1211 3575 1333 3628 ducendo

205 3661 315 3733 cogitari
326 3679 413 3733 posse.

276 3781 297 3847 ²)
317 3779 398 3839 Quod
414 3780 528 3852 Apsiues
545 3788 636 3834 namet
652 3781 790 3853 Hyperide
806 3785 917 3851 rogante
940 3797 1070 3833 summam
1087 3779 1246 3852 reipublicae
1264 3799 1334 3834 com-

207 3868 314 3922 missam
338 3884 394 3920 esse
411 3865 598 3931 Demostheni,
623 3865 652 3920 id
669 3866 744 3920 nihili
761 3865 910 3920 laciendum
928 3873 977 3919 est.
996 3865 1065 3920 rhet.
1083 3883 1123 3936 gr.
1143 3865 1193 3920 IX.
1211 3871 1262 3922 468
1280 3867 1332 3920 W:

204 3953 359 4025 Ὑπερείδης
376 3951 483 4026 γράψας
500 3955 586 4004 ἔσεισε
603 3949 676 4022 μόνῳ
692 3955 814 4024 χρῆσθαι
831 3947 970 4020 συμβούλῳ
981 3952 1160 4022 Δημοσθένει,
1178 3951 1334 4020 διἘλατείᾳ

211 4039 284 4100 ὄντος
304 4043 445 4107 Φιλίππου,
465 4040 520 4093 εἶτα
538 4039 634 4111 γράφει
652 4041 696 4093 καὶ
713 4037 832 4114 φρουρδν
849 4036 921 4110 alep}
941 4035 1054 4096 διδόναι.
