3190 5002
784 337 996 408 ..12-

330 512 455 601 npoimi
483 507 551 598 εἶμι
574 512 699 598 πικρός.
745 513 842 594 (Plut.
863 513 902 577 de
925 515 1016 579 amic.
1040 519 1072 578 et
1094 513 1215 578 adulat.
1238 536 1269 597 p.
1292 514 1346 594 67)
1355 491 1370 596 3¹
1393 535 1450 597 per

328 625 432 684 totam
454 620 554 683 vitam
576 620 739 702 corrumpi
762 638 881 682 senon
905 637 1021 699 passus
1044 623 1093 681 est
1108 615 1212 702 μόνος
1235 616 1300 701 γάρ
1324 613 1448 701 ἔμεινεν

216 796 218 801 .
330 719 586 806 α’δωροδόκητος
612 720 678 806 (Ps.
701 719 786 784 Plut.
816 720 836 783 l.
864 720 909 799 ll.
953 717 1057 784 Nihili
1086 726 1136 784 est
1164 740 1261 801 quam
1292 719 1449 784 Timocles

328 823 458 888 factitat
489 823 671 888 criminatio
696 822 827 902 (Athen.
850 821 927 886 VIII
955 843 986 904 p.
1016 824 1076 886 341
1101 821 1142 908 F)
1174 821 1213 885 cf.
1237 821 1362 888 Schaef.
1385 823 1405 886 l.
1428 823 1448 886 l.

329 926 377 992 III
398 949 429 1010 p.
452 926 525 1008 292,
547 926 597 990 vel
611 924 790 1010 Epichares
806 923 920 1012 [Bam]
940 923 1054 1006 LVIII,
1077 925 1133 989 35:
1157 925 1231 1007 λέγε
1251 923 1294 1003 δη
1315 927 1373 988 καὶ
1391 924 1450 1002 τρίς

330 1029 395 1092 τῶν
411 1026 523 1092 ἄλλων
538 1025 658 1113 ἐφεξῆς
673 1027 734 1102 τοὶς
748 1025 905 1103 τοιαύτας
917 1025 1100 1112 μαρτυρίας
1115 1029 1172 1091 καὶ
1187 1027 1250 1106 τήν
1261 1025 1451 1114 Ὑπερείδου

332 1131 389 1193 καὶ
414 1131 664 1212 Λημοσθένους.
686 1137 787 1194 τοῦτο
816 1127 882 1215 γάρ
911 1130 1001 1195 ἐστιν
1022 1126 1211 1214 ὑπερβολή,
1240 1128 1279 1194 cd
1309 1130 1386 1215 παρ’
1408 1121 1452 1194 ὧν

330 1231 401 1298 οὐδ’
432 1225 474 1297 ίίν
503 1221 551 1308 εἷς
574 1229 712 1311 α’ξιῶσαι
734 1233 872 1316 λαβεῖν,
901 1232 1023 1297 τοῦτον
1051 1231 1146 1317 πυροί
1175 1229 1304 1298 τούτων
1329 1228 1452 1312 ἥδιστα

331 1333 517 1422 λαμβάνειν
532 1335 788 1409 rualodum-cria
802 1331 944 1420 γραφάς.
968 1334 1093 1400 Schaef.
1110 1334 1157 1398 HI
1172 1355 1246 1419 app.
1259 1357 1290 1418 p.
1300 1335 1361 1400 277
1381 1357 1411 1398 n.
1420 1336 1449 1398 3.

226 1490 229 1495 .
266 1487 269 1492 .
330 1437 612 1521 Clarumjustitiae
621 1437 849 1502 documentum
858 1436 971 1521 edidit,
981 1438 1150 1521 quodpost
1159 1437 1452 1521 Lycurgimortem‚

270 1545 273 1553 ‘
328 1545 443 1604 contra
458 1561 553 1623 quem
567 1540 696 1624 saepius
718 1541 794 1605 lites
812 1545 1031 1624 peroraverat,
1054 1540 1124 1621 ejus
1146 1537 1265 1604 liberos
1288 1540 1323 1603 in
1346 1540 1455 1603 ricula

280 1651 283 1655 '
328 1642 492 1724 conjectos
506 1642 572 1727 (Ps.
586 1642 670 1706 Plut.
681 1665 712 1726 p.
729 1644 791 1707 842
800 1642 839 1730 0)
856 1641 1002 1707 defendit
1021 1640 1286 1707 aMenesaechmi
1302 1643 1452 1706 aliorum-

330 1766 392 1827 que
408 1750 632 1828 accusatorum
647 1745 815 1809 calumniis
832 1744 961 1830 (fragm.
971 1746 1054 1825 121).
1079 1743 1244 1826 Summum
1257 1742 1454 1827 reipublicae

235 1869 238 1876 ·
329 1847 450 1912 bonum
479 1847 664 1912 libertatem
694 1869 763 1912 esse
787 1847 928 1928 censuit3
961 1869 1032 1912 cum
1061 1846 1225 1930 quondam
1251 1845 1455 1912 convenisset

330 1969 400 2012 euru
434 1951 549 2033 legatis
577 1949 745 2032 Antipatri
775 1950 985 2015 laudantibus
1008 1971 1096 2031 eum,
1126 1949 1295 2034 respondit
1317 1949 1456 2032 οἴδαμεν

273 2054 276 2061 ’
328 2048 381 2118 ὅτι
399 2051 544 2136 χρηστὸς
572 2049 730 2136 ὑπάρχει,
760 2049 834 2115 e'lt’
864 2049 959 2130 ἡμεῖς
988 2076 1023 2134 γε
1054 2053 1097 2115 ου’
1125 2048 1279 2135 δεόμεθα
1304 2051 1456 2138 χρηστοῦ

329 2153 497 2219 δεσπότου
512 2153 576 2233 (Pa.
595 2153 681 2217 Plut.
696 2177 726 2238 p.
743 2155 806 2217 850
819 2155 870 2240 A).
893 2152 955 2217 Por
977 2147 1079 2217 t'otam
1103 2155 1212 2236 vitam,
1235 2175 1308 2218 cum
1330 2154 1457 2238 patriae

329 2257 468 2320 salutem
491 2255 627 2319 eandem
649 2261 796 2319 censeret
819 2276 889 2319 esse
911 2261 1010 2337 atque
1033 2277 1122 2321 suam
1147 2259 1264 2340 ipsine,
1287 2276 1459 2339 nunquam

330 2358 432 2441 quieti
464 2379 533 2422 sese
557 2357 661 2438 decit3
691 2357 827 2422 fortiore
849 2362 882 2420 et
904 2359 1104 2442 promptiore
1133 2365 1203 2423 erat
1226 2359 1334 2430 auimo
1358 2377 1458 2439 quam
1552 2403 1553 2451 p

328 2458 563 2523 Demosthenes
588 2461 762 2542 'acriorque
791 2458 1005 2525 Macedonum
1035 2460 1256 2543 adversarius}
1286 2480 1458 2543 nunquam

331 2563 377 2625 ita
409 2561 606 2646 desperarit,
636 2568 673 2626 ut
703 2561 867 2627 laboribus
897 2565 924 2627 si
951 2565 1057 2628 minus
1086 2565 1270 2645 victoriam,
1305 2569 1342 2627 at
1369 2566 1460 2625 certe

329 2665 487 2749 pristinae
502 2663 705 2728 fortitudinis
727 2663 855 2728 laudem
867 2665 1012 2747 reparari
1031 2685 1127 2748 posse
1140 2686 1205 2729 non
1220 2665 1456 2744 arbitraretur3

327 2766 474 2831 maximis
494 2765 591 2828 rebus
607 2765 755 2848 gerendis
771 2785 843 2828 cum
857 2787 982 2829 summa
1003 2768 1108 2850 gloria
1129 2766 1281 2862 interfuit
1302 2785 1340 2830 ac
1354 2766 1458 2829 vitam

259 2949 263 2958 ι
328 2889 426 2932 suam·
451 2865 645 2950 reipublicae
682 2868 857 2931 commodis
887 2867 1068 2933 dedicatam
1098 2869 1328 2933 honestissimo
1365 2867 1458 2930 exitu

332 2969 564 3034 condecoravit.
666 3046 669 3051 Ι

410 3072 461 3135 Ps.
477 3071 571 3134 Plut·
582 3071 644 3134 848
670 3071 698 3135 D
721 3073 894 3156 α’κροοιτης
917 3075 953 3140 δὲ
978 3067 1165 3149 Πλάτωνος
1188 3069 1371 3193 γενόμενος
1395 3069 1459 3134 τοῦ

328 3168 566 3259 φιλοσόφον”
543 3197 613 3255 epa
630 3173 820 3265 Λυκούργῳ
841 3177 902 3238 καὶ
924 3173 1134 3259 Ἰσοκράτους
1158 3175 1216 3239 τοῦ
1233 3172 1379 3294 ῥήτορος
1395 3178 1458 3236 etc.

329 3276 479 3357 idemque
510 3296 541 3355 p.
564 3275 626 3339 837
650 3277 678 3339 D
700 3276 891 3341 dubitanter
921 3272 1059 3340 addit
1036 3300 1079 3351 ως
1105 3277 1143 3341 δέ
1172 3277 1257 3351 τινές
1278 3297 1365 3362 φασι
1395 3275 1458 3336 καὶ
1525 3293 1527 3296 ’

327 3374 527 3460 Ὑπερείδης
550 3379 608 3439 καὶ
638 3377 767 3452 Ἰσαῖος.
812 3378 1046 3462 Hermippus
1037 3398 1071 3440 rn
1101 3379 1200 3442 tterio
1154 3378 1270 3443 tde
1299 3375 1458 3441 Isocratis

241 3557 243 3561 ι
330 3478 498 3562 discipulis
516 3479 805 3562 libroHyperidcm
824 3485 1053 3546 commemorat
1069 3478 1125 3557 (At
1111 3478 1228 3544 t.henl
1246 3480 1291 3560 1..)
1315 3478 1460 3543 Cobetus

330 3581 379 3644 cd.
402 3601 447 3644 or.
470 3580 595 3644 funebr.
615 3583 704 3665 p.-10
719 3590 820 3647 enunt
822 3583 869 3646 iat
871 3604 891 3647 a
907 3580 1066 3665 quaedam
1079 3580 1172 3645 affert
1159 3588 1182 3663 t,
1204 3604 1226 3645 u
1228 3579 1458 3664 tHyperidem

329 3682 493 3748 imitatum
522 3703 591 3746 esse
622 3684 798 3749 Isocratem
827 3684 1042 3748 demonstret:
1080 3683 1163 3766 Hyp.
1194 3705 1239 3748 or.
1274 3684 1341 3747 fun.
1372 3703 1397 3747 c.
1419 3683 1459 3748 5:

330 3780 445 3866 α’πορῶ
466 3786 502 3849 δὲ
524 3783 637 3849 πόθεν
659 3781 813 3869 ἄρξωμαι
835 3787 939 3870 λέγων
961 3781 983 3863 ἢ
1004 3782 1095 3860 τίνος
1110 3787 1237 3869 πρῶτον
1258 3785 1405 3869 μνησθῶ
1421 3793 1461 3850 et

330 3886 427 3950 Isocr.
450 3884 527 3966 XV,
559 3886 620 3950 140
642 3883 761 3971 οίπορῶ
782 3884 867 3953 δ’ὅτν
885 3889 1063 3975 χρήσωμαι
1091 3891 1162 3962 τοῖς
1183 3885 1375 3962 ὑπολοίποις
1397 3892 1458 3952 καὶ

332 3985 420 4063 τίνος
442 3984 572 4072 πρώτου
593 3988 737 4071 μνησθῶ
761 3990 850 4079 [Cop.
873 3996 1013 4073 utroque
1041 3990 1112 4054 loco
1135 3987 1285 4078 apciton}
1331 3987 1393 4054 Sed
1416 3991 1462 4058 cf.
