3190 5002
746 404 957 471 „50-

289 600 348 665 gra
349 576 535 662 ramatque
545 579 706 643 auctorit
707 583 772 643 tem
781 584 986 660 quaereron
996 599 1037 643 au
1038 575 1413 661 tadversariismajorem

289 681 492 747 invidiamat
478 681 762 768 quepenoulum
753 687 905 745 creares
891 680 1053 746 ttuderen
1067 680 1111 744 Et
1098 679 1308 764 tlibenterpl
1310 702 1413 745 erum-

291 805 354 868 que
376 783 676 870 accipiebantureJ
649 783 809 849 eusmodi
838 783 936 847 delat
913 789 1018 847 trones
1045 782 1085 848 ab
1108 781 1413 867 hominibus1mpe-

290 887 373 971 ritis,
396 884 628 969 suspieaoibus‚
661 806 867 970 inajestatem
897 905 989 950 suam
1012 905 1050 949 ιο
1077 885 1269 969 popularem
1291 889 1413 950 statum

291 990 390 1055 etiam
412 988 582 1054 levissimis
612 1010 651 1054 ex
680 988 783 1053 causis
812 989 1019 1054 imminutum
1049 993 1082 1052 et
1110 986 1344 1053 labefactatum
1372 987 1415 1052 iri

291 1089 500 1174 timentibus,
527 1096 593 1182 aut
621 1089 798 1175 publicatis
828 1111 958 1156 reorum
987 1089 1081 1154 bonis
1111 1089 1272 1155 aerarium
1302 1089 1414 1172 augeri

295 1191 510 1277 cupientibus.
534 1193 572 1256 ln
585 1195 771 1260 universum
788 1198 897 1258 autem
920 1192 1039 1277 quibus
1061 1194 1234 1280 praecipue
1257 1191 1297 1256 de
1310 1191 1415 1256 causis

290 1291 502 1381 εἰσαγγελίαι
524 1294 655 1360 institui
678 1296 793 1361 solitae
817 1295 893 1379 sint,
915 1295 1022 1360 Julius
1045 1295 1162 1359 Pollux
1185 1295 1297 1360 dooet'.
1327 1292 1415 1380 (sub-

290 1402 474 1479 sequuntur
502 1392 676 1482 ἐγίγνσντο
700 1397 737 1463 δέ
760 1437 800 1448 -
823 1398 898 1484 περὶ
920 1396 1052 1480 νόμων.)
1097 1397 1216 1462 Mirum
1239 1402 1298 1479 est,
1329 1395 1415 1479 quod

292 1501 390 1565 etiam
419 1499 656 1583 Boehneekius,
686 1502 738 1565 oui
766 1501 940 1585 Hyperidis
969 1499 1181 1584 Euxenippea
1207 1520 1273 1564 non
1303 1497 1416 1582 ignota

290 1596 423 1685 fuit‚'in
446 1601 559 1666 eadem
580 1602 798 1686 permanserit
820 1603 1000 1684 sententia3
1024 1602 1063 1666 de
1085 1602 1175 1666 Dem.
1197 1601 1273 1686 Lyo.
1294 1601 1414 1685 Hypl.

292 1725 323 1787 p.
346 1703 422 1767 411
424 1702 597 1768 tadefinit
620 1697 851 1787 εἰσαγγελίαν,
883 1725 953 1769 esse
982 1703 1144 1768 actionem
1166 1703 1389 1768 inusitatam
1380 1726 1416 1768 m

292 1827 376 1871 nova
398 1812 431 1872 et
454 1812 508 1872 ext
494 1805 716 1872 traordinaria
739 1807 868 1890 delicta,
893 1827 976 1890 quae
989 1804 1115 1888 legibus
1134 1828 1199 1871 non
1222 1812 1319 1872 cauta
1340 1806 1416 1890 sint,

292 1907 430 1974 demde
421 1931 456 1973 1n
466 1929 586 1992 manna
608 1913 640 1973 et
662 1915 778 1991 aperta
789 1930 936 1991 erimina,
961 1930 1044 1991 quae
1055 1883 1414 1994 ι11οιιινόμοςείσαγ-

290 2007 463 2095 γελτικός,·
498 1957 591 2075 addit
619 2010 703 2095 Hyp.
732 2032 793 2093 pro
821 2011 903 2076 Eux.
934 2031 959 2074 ο.
983 2011 1033 2074 23.
1078 2009 1124 2076 Ut
1110 2017 1257 2076 tmeam
1286 2011 1325 2076 de
1355 2011 1417 2077 hae

293 2113 485 2196 quaestione
498 2111 663 2195 proferam
686 2113 898 2177 sententiam:
921 2113 956 2175 in
979 2113 1050 2196 lege
1073 2110 1310 2204 εἰσαγγελτικῇ
1334 2135 1418 2196 quae

292 2215 429 2281 crimina
451 2218 641 2280 enumerata
657 2220 761 2297 erant,
785 2235 823 2278 ea
842 2220 971 2278 tantum
985 2236 1044 2296 per
1060 2207 1278 2299 εἰσαγγελίαν
1292 2215 1419 2282 deferre

293 2317 394 2382 licuit.
417 2316 488 2383 Hoc
499 2322 536 2382 ut
553 2316 781 2400 demonstrem,
795 2317 858 2381 duo
876 2316 976 2381 affero
990 2322 1202 2400 argumenta3
1225 2340 1264 2383 ae
1276 2318 1417 2400 primum

292 2419 423 2502 quidem
433 2419 608 2505 Hyperidis
622 2418 721 2483 verba
736 2418 816 2482 haeo
831 2425 908 2484 sunt
931 2441 991 2502 pro
1009 2419 1090 2484 Eux.
1114 2440 1139 2483 o.
1160 2421 1216 2484 22:
1240 2419 1297 2486 διά
1319 2422 1417 2485 τοῦτο

290 2521 354 2607 γάρ
377 2520 476 2604 ὑμεῖς
497 2517 577 2605 ὑπὲρ
600 2517 759 2584 άιιάντων
783 2522 846 2586 τῶν
868 2521 1099 2607 άδικημάτων,
1121 2516 1186 2586 ὅσα
1211 2519 1301 2586 ’ἐστιν
1322 2521 1357 2587 ἐν
1379 2524 1418 2613 τῇ

291 2621 398 2704 πόλει,
420 2621 543 2709 νόμους
568 2619 704 2686 ’ἔθεσθε
722 2624 825 2711 χωρὶς
843 2624 919 2710 περὶ
940 2623 1080 2689 ἑκάστου
1098 2621 1214 2689 αὐτῶν.
1237 2622 1349 2711 α’σεβεῖ
1368 2646 1418 2700 τις
1493 2695 1497 2702 ,

291 2725 364 2811 arpi
384 2722 426 2789 τά
441 2721 521 2813 ἱερά·
538 2724 798 2810 άρχη--τὼν
815 2719 933 2792 ἕνδεκα
951 2726 1156 2804 καθέστηκε.
1183 2725 1240 2792 τὸν
1258 2724 1363 2790 αὐτὸν
1381 2729 1418 2792 δὲ

291 2823 418 2912 τρόπον
431 2827 490 2891 καὶ
502 2827 556 2891 ἐιιὶ
571 2825 637 2892 τῶν
656 2823 767 2890 ἄλλων
788 2823 1010 2911 ἀδικημάτων
1032 2823 1192 2893 άιιάνιων
1216 2829 1275 2894 καὶ
1296 2826 1416 2911 νόμους

291 2928 348 2990 καὶ
371 2923 478 3014 άρχάς
506 2930 563 2992 καὶ
592 2925 792 3046 δικαστήρια
815 2926 857 2992 τά
887 2927 1104 3015 προσήκοντα
1132 2928 1286 3008 ἑκάστοις
1308 2928 1417 2997 αὐτῶν

290 3027 489 3105 άνιέδοιεᾎ
470 3033 550 3117 νιιὲρ
574 3027 671 3098 τίνων
695 3054 755 3095 ουν
778 3030 897 3096 οἴεσθε
918 3033 989 3098 δειν
1007 3028 1414 3119 τάςεισαγγελίαςγίγνε

291 3131 400 3252 oms
430 3128 518 3197 τουτ’
540 3129 606 3212 ἤδη
630 3127 758 3197 καθ’
740 3155 886 3199 εκαστσν
909 3132 944 3198 ἐν
967 3135 1085 3220 τῴγ
1033 3133 1124 3225 νόμῳ
1146 3133 1331 3221 ἐγράψατε,
1358 3157 1414 3200 ινα

289 3231 337 3318 μη
366 3233 471 3325 οἷγνοῂ
499 3232 633 3319 μηδείςς
663 3241 846 3319 sequuntur
873 3234 973 3301 verba
994 3237 1076 3321 legis
1099 3202 1139 3302 c‘f.
1162 3258 1187 3302 ο.
1210 3237 1261 3302 49.
1305 3238 1413 3303 Prius—

291 3354 389 3417 quam
418 3337 558 3402 alterum
587 3338 740 3422 adjiciam
768 3345 996 3422 argumentum
1025 3337 1202 3404 refutanda
1224 3345 1275 3405 est
1297 3339 1413 3407 Schoe-

289 3438 401 3503 manni
423 3439 588 3505 sententia
610 3440 650 3506 de
672 3463 771 3507 eausa
791 3442 979 3510 Leocratea.
1003 3439 1121 3506 Citatis
1143 3441 1242 3527 hujus
1255 3444 1414 3510 orationis

289 3543 338 3622 ἐξ.
361 3540 390 3606 9.
412 3546 446 3606 οι
469 3543 517 3608 10.
531 3542 555 3630 ¹)
577 3543 684 3611 addit:
708 3546 787 3630 quid
809 3545 989 3628 ammissa,
1013 3565 1097 3628 quae
1117 3544 1171 3611 lex
1192 3567 1257 3612 uno
1280 3546 1412 3612 nomine

359 3709 380 3780 ¹)
397 3711 449 3765 ὅσα
465 3717 515 3784 μιν
532 3713 582 3783 γὰρ
600 3715 653 3767 τῶν
664 3714 833 3785 ἀδικημάτων
850 3714 931 3785 νόμος
949 3736 988 3774 τις
998 3714 1110 3786 διώρικε,
1130 3714 1221 3785 ῥᾴδιον
1230 3714 1314 3785 τούτῳ
1324 3714 1414 3770 κανόνι

285 3799 434 3866 χρωμένους
452 3799 569 3864 κολάζειν
587 3799 650 3860 τούς
668 3803 887 3871 παρανομοῦντας
911 3803 962 3856 ὅσα
981 3804 1008 3854 δὲ
1025 3801 1063 3871 μὴ
1082 3801 1186 3871 σφόδρα
1204 3807 1368 3874 περιείληφεν
1378 3805 1414 3856 ἑνὶ

287 3881 400 3952 ὅνάματι
422 3884 649 3958 προσαγορεύσας,
673 3889 752 3957 μείζω
778 3890 806 3940 δὲ
830 3886 929 3942 τούτων
952 3910 991 3948 τις
1014 3888 1149 3956 ἣδίκηκεν,·
1169 3889 1251 3943 άιιασι
1268 3893 1297 3944 δὲ
1315 3890 1413 3961 ὁμοίως

288 3968 376 4037 ἰνογός
393 3975 471 4039 ἔστιν,
491 3973 631 4043 ἀναγκαῖον
649 3974 696 4041 τὴν
714 3975 842 4046 ὑμετέραν
860 3982 944 4046 κρίσιν
961 3977 1167 4029 καταλείπεσθαι
1181 3977 1348 4050 παράδειγμα
1360 3986 1415 4038 τοῖς

285 4061 496 4129 Ιιτιγιγνομένοις.
