3190 5002
650 371 862 441 *33-

193 543 348 633 φυλακῆς
373 542 434 612 τῶν
459 541 634 640 Τυρῥηνῶν
655 546 821 613 subtiliter
842 544 989 613 restituit
1003 541 1144 613 Boeckh.
1166 542 1207 613 de
1221 542 1318 613 inser.
1417 539 1421 546 ’

193 670 265 714 nav.
292 669 324 731 p.
352 648 532 714 lot-468.
566 650 605 715 cf.
639 649 716 716 XIV
746 649 775 715 A
805 670 834 713 v.
869 651 933 715 224
962 671 1053 734 sqq.:
1088 644 1177 726 ὅπως
1208 647 1235 714 δ
1274 645 1318 716 ts

193 746 323 840 ὑπάρχῃ
351 751 398 835 τῷ
425 750 522 842 δήμῳ
553 749 604 828 εἰς
640 753 703 818 το“ν
732 747 864 816 άποντα
888 750 1010 840 χρόνον
1038 749 1180 840 ἐμπόρια
1208 747 1319 817 οἰκεῖα

131 926 133 930 ,
193 852 252 915 καὶ
274 849 491 936 σιτοπόμπια,
514 854 571 918 καὶ
592 853 819 938 ναυστάθμου
835 848 961 920 οἰκείου
976 853 1321 929 κατασκευασθέντος

192 949 325 1044 ὑπάρχῃ
353 955 489 1044 φυλακή
517 956 573 1019 ἐπὶ
606 955 794 1045 Τυῤῥηνυύς
824 959 883 1021 καὶ
912 955 1103 1033 Μιλτιάδης
1125 953 1143 1020 ὁ
1167 954 1319 1034 οἰκιστὴς

193 1056 254 1120 καὶ
278 1059 308 1121 οἱ
331 1053 463 1123 ἔποικοι
485 1054 605 1143 ἔχωσιν
621 1060 776 1144 χρῆσθαι
799 1055 912 1148 οἰκείῳ
937 1059 995 1122 καὶ
1016 1057 1155 1143 Ἁττικᾷ
1176 1058 1232 1121 καὶ
1256 1059 1319 1124 τῶν

190 1155 354 1235 Ἑλλήνων
377 1161 435 1223 καὶ
453 1157 636 1248 βαρβάρων
657 1165 689 1226 οἱ
712 1162 870 1237 πλέοντες
891 1157 938 1235 εὶς
960 1159 1023 1239 την
1048 1159 1231 1226 θάλατταν
1247 1159 1319 1246 μετ’

193 1258 385 1348 άσφαλεὶας
428 1254 624 1329 εἰσπλέουσιν
657 1256 703 1337 εἰς
736 1261 844 1344 αὐτην
879 1259 1023 1342 πλησίον
1055 1262 1096 1330 τὸ
1128 1260 1318 1341 Ἀθηναίων

192 1360 358 1447 φρούριον
388 1359 520 1449 ἔχοντες
550 1374 607 1429 καὶ
635 1364 678 1431 τά
702 1362 790 1430 άλλα
813 1359 1006 1441 -εἰδότες
1029 1361 1082 1431 ὅτι
1106 1411 1226 1428 ........
1269 1365 1318 1430 De

193 1465 282 1529 exitu
315 1466 430 1531 classis
463 1466 502 1531 cf.
521 1490 549 1532 v.
581 1469 642 1536 189
670 1490 757 1552 sqq.:
801 1466 881 1545 τούς
916 1471 950 1535 δὲ
982 1470 1204 1555 τριηράρχους
1240 1467 1319 1544 τούς

193 1566 458 1648 καθεστηκότας
490 1567 764 1654 παρασκευάζειν
795 1571 857 1648 τάς
887 1574 968 1647 ναῦς
997 1571 1051 1636 ἐπὶ
1084 1569 1145 1636 τὸν
1174 1566 1320 1637 ἔκπλουν

193 1670 237 1755 τᾷ
265 1671 478 1758 Μουνυχιῶνι
503 1671 585 1755 μηνὶ
615 1671 682 1759 πρὸ
706 1674 763 1751 τῆς
791 1669 935 1752 δεκάτης
958 1675 1143 1756 ἱσταμένου
1164 1679 1224 1738 etc.
1246 1673 1267 1738 i.
1291 1693 1317 1738 e.

192 1772 222 1836 d.
252 1771 309 1837 III.
339 1795 439 1838 mens.
470 1775 545 1858 maj.
574 1776 638 1840 324
666 1775 706 1840 cf.
735 1775 858 1843 Boehn.
887 1771 1013 1859 quaest.
1036 1775 1104 1841 Att.
1127 1797 1158 1859 p.
1180 1775 1253 1841 568.
1296 1776 1318 1840 4

192 1873 377 1958 Tyrrhenos
408 1874 465 1940 diu
493 1878 666 1959 piraticam
688 1878 881 1961 exercuisse,
904 1878 998 1943 docet
1020 1877 1150 1942 Servius
1173 1878 1215 1942 ad
1236 1878 1317 1944 Aen.

192 1975 280 2060 VIII,
301 1977 364 2041 479
395 1982 429 2042 et
449 1977 672 2044 Alexandrum
694 1981 734 2046 de
756 2001 868 2046 eorum
890 1985 923 2046 et
944 1980 1116 2046 Antiatum
1137 1980 1318 2046 latrociniis

193 2084 344 2161 questum
374 2101 444 2145 esse
473 2081 592 2148 seimus
619 2103 636 2148 e
663 2080 770 2148 Strab.
792 2082 831 2148 V.
854 2085 885 2166 3,
913 2084 934 2148 5
959 2105 992 2167 p.
1013 2085 1087 2151 232.
1117 2081 1157 2147 cf.
1188 2081 1317 2147 Arrian.

192 2179 261 2245 VII.
286 2168 343 2265 1‘5,
372 2183 402 2246 4.
453 2182 702 2250 Atheniensium
735 2206 833 2251 naves
863 2187 1073 2251 mercatorias
1101 2184 1199 2250 etiam
1227 2204 1318 2249 mare

190 2281 394 2350 Adriaticum
415 2285 523 2352 adisse
544 2288 759 2372 intelligimus
782 2309 799 2352 e
821 2288 896 2373 Lys
918 2288 1053 2372 XXXII,
1068 2288 1126 2354 25:
1151 2286 1207 2352 καὶ
1224 2283 1316 2351 άπα-

190 2385 329 2472 πέμψας
348 2381 396 2462 εἰς
418 2410 480 2453 τον
501 2387 633 2475 Ἀδρίαν
655 2386 790 2456 ὁλκάδα
812 2395 846 2456 et
868 2412 886 2455 e
907 2390 1021 2475 fragm.
1047 2390 1191 2474 ejusdem
1214 2411 1259 2454 or.
1281 2389 1317 2452 in

190 2487 306 2554 Aesch.
329 2510 380 2572 ap.
405 2489 524 2556 Athen.
545 2491 635 2575 XIII,
665 2515 696 2574 p.
719 2492 780 2556 611
804 2491 851 2556 D:
882 2488 969 2558 οὕτω
1000 2491 1030 2558 δ’
1054 2495 1087 2556 οἱ
1111 2492 1145 2556 ἐν
1168 2493 1214 2580 τῷ
1235 2491 1316 2556 Πει-

190 2597 279 2677 ραιεῖ
301 2590 507 2676 διάκεινται,
529 2588 611 2658 ὥστε
636 2591 723 2658 πολι)
746 2590 1004 2680 ἀσφαλέστερον
1026 2581 1114 2658 εἶναι
1137 2596 1249 2659 δοκεῖν
1271 2588 1317 2667 εὶς

190 2692 250 2759 τδν
271 2689 405 2777 Ἁδρίαν
426 2694 521 2761 πλεῖν
543 2691 567 2774 ἢ
589 2693 697 2784 τούτῳ
720 2693 937 2780 συμβάλλειν.
962 2698 973 2709 ”

275 2795 418 2862 Ventum
447 2804 497 2863 est
525 2798 568 2863 ad
594 2819 725 2864 causam
747 2797 980 2882 gravissimam,
1003 2797 1212 2881 Harpalicam
1234 2796 1316 2862 dico.

190 2897 392 2964 Permultum
417 2899 487 2984 jam
508 2900 711 2986 disputatum
733 2901 838 2965 estin
861 2906 1034 2985 utramque
1059 2905 1188 2984 partem
1204 2898 1316 2964 aviris

192 3001 349 3085 doctis1),
384 3007 496 3067 utrum
525 3008 697 3088 corruptus
724 3002 1031 3085 sithemosthenes
1060 3023 1179 3086 necne,
1209 3022 1316 3085 neque

190 3109 301 3169 tamen
323 3102 366 3169 ad
387 3104 549 3188 liquidum
570 3104 729 3190 perducta
751 3113 800 3170 est
822 3104 905 3170 haec
926 3126 988 3170 res.
1026 3104 1234 3170 Temeritatis
1256 3104 1315 3188 igi-

189 3213 246 3273 tur
267 3207 390 3272 crimen
412 3205 571 3290 subirem,
600 3209 627 3273 si
649 3207 819 3273 obscurem
841 3207 933 3272 illam
956 3207 1155 3291 summisque
1177 3205 1315 3272 difficul-

261 3449 280 3508 ¹l
299 3445 332 3500 cl.
350 3444 452 3516 Eyselli
468 3451 626 3510 comment,
652 3463 719 3515 quae
736 3445 903 3511 inscribitur,
922 3445 1117 3499 Demosthenes
1136 3463 1152 3500 a
1169 3443 1316 3516 suspicione

189 3539 313 3604 acceptae
345 3532 379 3585 ab
411 3530 531 3601 Harpalo
563 3531 690 3602 pecuniae
713 3530 858 3586 liberatus’.
890 3531 1126 3586 Westermsnnum
1154 3531 1183 3584 in
1211 3537 1314 3600 quaest.

189 3617 331 3673 Demosth.
354 3622 423 3687 part.
441 3617 495 3681 III,
521 3632 548 3686 p.
569 3620 618 3672 109
640 3634 698 3687 sqq.
736 3615 883 3687 Sauppium
906 3616 935 3670 in
959 3617 1002 3671 ed.
1027 3617 1102 3688 Hyp.
1122 3634 1161 3669 or.
1180 3615 1209 3668 in
1232 3616 1313 3670 Dem.

186 3705 214 3758 in
237 3701 331 3774 philol.
355 3702 408 3756 vol.
428 3702 479 3755 ΠΙ.
516 3701 686 3756 Schaeferum
709 3701 884 3773 l.1.111,p.
905 3705 952 3757 291
972 3720 1030 3773 sqq.
1067 3703 1150 3771 Leop.
1176 3699 1316 3756 Schmidtii

187 3794 330 3843 comment.
349 3789 383 3842 de
401 3786 588 3842 Demosthenis
606 3786 717 3840 civitatis
734 3787 866 3858 regendae
884 3786 996 3840 consiliis
1019 3787 1046 3840 in
1069 3803 1147 3840 causa
1163 3785 1314 3857 Harpalica'

188 3873 215 3928 in
237 3891 306 3928 mus.
332 3873 420 3928 Rhen.
440 3874 492 3927 vol.
516 3873 577 3927 XV.
602 3891 629 3944 p.
650 3877 793 3928 all-232.
836 3872 979 3926 Girardum
1001 3890 1081 3926 revue
1104 3871 1238 3926 nationale
1262 3880 1312 3928 etc.

189 3965 253 4014 tom.
271 3959 322 4026 IX,
343 3963 418 4025 1862,
437 3978 474 4015 un
491 3953 582 4032 proces
600 3960 633 4014 de
651 3959 803 4030 corruption
822 3959 837 4011 t
855 3957 991 4023 Athenes'3
1011 3956 1092 4012 Robii
1109 3957 1171 4012 diss.
1190 3959 1224 4014 de
1236 3976 1314 4012 causa

189 4045 335 4119 Harpalica'
356 4047 453 4102 Olsnae
472 4065 496 4102 e.
517 4050 592 4102 1863.

1092 4133 1108 4184 3
