3190 5002
750 385 962 450 -φρ-

291 558 426 642 ejusque
456 556 567 639 sociis,
595 555 802 620 vehementer
832 556 902 639 ejus
932 560 1081 622 auctores
1109 559 1272 640 persecuti
1299 561 1413 640 sunt.¹)

289 659 510 725 Philocratem
522 680 581 742 per
603 659 823 744 εἰσαγγελίαν
845 657 963 724 detulit
979 659 1158 744 Hyperides
1179 657 1309 747 ῥήτορα
1331 655 1415 726 ὄντα

290 763 397 847 λέγειν
418 761 465 844 μή
490 762 533 826 τά
556 759 679 847 ἄριστοι
701 763 749 847 τῷ
769 759 862 852 δήμῳ
883 761 930 851 τῷ
945 761 1135 841 Ἀθηναίων
1152 760 1309 848 χρήματα
1323 763 1413 846 λαμ-

289 862 441 950 βάνοντα
469 865 525 929 καὶ
553 863 680 952 δωρεάς
709 863 802 948 παρά
830 867 896 929 τῶν
924 861 1088 930 τάναντία
1122 863 1341 950 πραττόντων
1368 865 1415 955 τῷ

290 965 384 1057 δήμῳ
406 967 446 1031 of.
471 988 516 1033 or.
539 989 599 1050 pro
621 966 703 1030 Eux.
726 989 752 1031 c.
771 968 822 1032 39.
851 968 883 1031 Is
902 969 988 1034 enim
1009 966 1098 1032 haud
1120 965 1218 1032 dubie
1239 971 1412 1049 corruptus

289 1089 309 1134 a
330 1068 484 1155 Philippo
503 1071 707 1154 rogationem
728 1068 862 1152 tulerat,
885 1075 923 1135 ut
944 1069 1127 1135 Phocenses
1149 1075 1183 1136 et
1192 1067 1350 1134 Halenses
1373 1090 1412 1133 ex

289 1173 450 1237 sociorum
471 1171 722 1238 Atheniensium
750 1192 885 1238 numero
914 1173 1166 1238 excluderentur
1194 1176 1227 1237 ot
1254 1171 1295 1238 ab
1325 1171 1413 1238 omni

289 1276 378 1359 pacis
401 1275 625 1340 communione
645 1275 929 1362 removerentur.²)
971 1275 1120 1340 Instituit
1140 1275 1226 1339 hano
1246 1275 1339 1339 Iltem
1349 1273 1414 1359 Hy·

288 1375 429 1462 pendae,
452 1383 629 1460 antequam
650 1377 885 1443 Demosthenes
915 1377 1096 1443 orationem
1124 1379 1198 1463 περὶ
1219 1373 1278 1455 τῆς
1299 1399 1413 1461 παρα-

289 1477 468 1567 πρεσβείας
502 1481 667 1565 perorauit
702 1479 741 1545 of.
778 1485 807 1562 ᾗ.
837 1483 912 1546 16:
952 1479 1022 1546 ἰ’στε
1054 1479 1167 1559 δήπου
1202 1476 1329 1566 πρῴην,
1365 1474 1412 1544 ὅτ’

289 1574 499 1666 εἰσήγγειλεν
524 1579 711 1670 Ὑπερείδης
735 1573 955 1668 Φιλοκράτην
988 1587 1047 1648 eto.
1077 1581 1117 1646 of.
1147 1579 1273 1648 Sohaef.
1295 1582 1316 1646 l.
1339 1583 1360 1646 l.
1383 1581 1415 1646 Π

289 1707 320 1768 p.
341 1684 415 1766 344,
437 1686 467 1748 2.
489 1684 693 1750 Philocrates
715 1686 753 1750 de
776 1707 932 1770 prospero
956 1689 1073 1749 eventu
1096 1684 1272 1766 desperans
1297 1690 1414 1767 sponte

289 1805 349 1850 sua
370 1787 405 1850 in
428 1787 561 1852 exilium
583 1786 674 1852 abiit.

373 1887 446 1954 Non
468 1889 579 1974 inepte
601 1891 741 1975 conjecit
762 1890 987 1956 Boehnechius
1010 1894 1135 1972 quaest.
1158 1893 1218 1955 att.
1240 1889 1256 1952 I
1277 1911 1308 1973 p.
1331 1890 1414 1972 296,

288 1991 503 2074 Hyperidem,
537 1996 712 2076 postquam
744 1994 814 2059 viro
850 1993 900 2059 illi
930 1992 1046 2057 audaci
1073 2011 1111 2056 ac
1140 1997 1293 2075 protervo
1322 1991 1414 2055 litem

287 2093 431 2158 intendit
459 2115 596 2177 eamque
624 2094 778 2177 obtinuit,
808 2093 1058 2159 Atheniensium
1086 2093 1197 2157 oculos
1226 2095 1260 2157 in
1283 2113 1318 2158 se
1339 2113 1413 2157 oon-

287 2195 434 2280 vertisse,
456 2197 504 2260 lta
525 2202 563 2261 ut
584 2199 618 2261 in
639 2217 737 2262 causa
758 2198 893 2262 Deliaca
914 2200 1043 2261 oreatus
1073 2196 1117 2260 sit
1137 2195 1298 2260 Aeschine
1320 2216 1413 2279 repu-

289 2297 388 2363 diato.
432 2298 471 2362 In
499 2319 598 2364 censu
628 2299 745 2364 civium
767 2299 889 2364 Archia
910 2298 1068 2363 archonte
1091 2297 1140 2361 Ol.
1165 2298 1236 2379 108,
1259 2298 1278 2362 3
1300 2296 1414 2362 habito

288 2404 470 2483 expunctus
500 2406 571 2465 erat
592 2400 762 2485 Antiphon
794 2401 926 2484 quidam
948 2421 966 2465 e
987 2399 1125 2481 tabulis3
1155 2399 1199 2464 ad
1224 2398 1414 2484 Philippum

288 2502 466 2587 profectus,
480 2507 518 2568 ut
528 2502 745 2569 Athenienses
761 2505 983 2587 ulcisceretur,
996 2504 1027 2568 ei
1037 2502 1197 2586 promisit,
1211 2501 1414 2568 Athenarum

287 2604 418 2669 navalia
439 2627 474 2670 se
496 2625 708 2672 accensurum
729 2627 809 2672 esse.
842 2605 1077 2672 Demosthenes
1100 2626 1173 2670 eum
1194 2605 1228 2669 in
1244 2604 1414 2670 Piraeeum

289 2706 559 2790 comprehensum
590 2709 624 2772 in
654 2710 867 2789 contionem3)
902 2706 1073 2792 produxit,
1112 2711 1151 2770 ut
1184 2705 1413 2790 dimitteretur,
1506 2761 1509 2767 ,

356 2878 377 2949 ¹)
396 2877 429 2932 cf.
448 2878 530 2932 Dem.
549 2877 597 2943 VI,
617 2878 728 2934 28-37.
747 2877 825 2946 XIX,
844 2880 909 2936 207:
928 2884 955 2932 ἐν
972 2879 1069 2937 πάσαις
1086 2883 1144 2936 ταῖς
1161 2881 1306 2943 ἐκκλησίαις
1322 2878 1414 2937 ὁσάκις

287 2960 366 3031 λόγος
390 2967 480 3033 γέγονε
505 2966 567 3029 περὶ
589 2962 689 3016 τοότιον
713 2966 756 3014 καὶ
778 2968 985 3035 κατηγοροῦντος
1008 2962 1116 3018 ἀκούετέ
1135 2983 1188 3032 μου
1207 2967 1250 3016 καὶ
1267 2965 1415 3032 ἐλέγχοντος

288 3050 328 3102 ἀεὶ
345 3049 457 3109 τούτους
476 3049 663 3111 tPhilocratem
680 3056 708 3103 et
718 3050 886 3120 AesohInem)
906 3055 950 3103 uel
967 3053 1085 3119 λέγοντος
1102 3052 1224 3117 ἄντικρυς
1241 3049 1285 3103 ότι
1299 3048 1411 3124 χρήματ’

288 3136 409 3204 εἰλήφασι
427 3137 471 3186 καὶ
487 3133 575 3188 πάντα
593 3133 745 3205 πεπράκασι
762 3139 795 3187 τὰ
814 3137 956 3208 πράγματα
972 3141 1020 3205 τῆς
1038 3135 1139 3197 πόλεως
1157 3139 1199 3188 καὶ
1216 3135 1316 3190 τούτων
1328 3136 1415 3196 οὐδεὶς
1492 3201 1494 3205 ,

287 3221 390 3278 πώποτ’
411 3220 512 3276 ἀκούων
529 3221 601 3276 ταῦτ’
621 3222 742 3276 ἀντεῖπεν
761 3222 820 3278 oter
840 3227 913 3295 διῆρε
929 3225 960 3280 τό
982 3221 1068 3295 στόμα
1085 3223 1143 3276 οὐδ’
1159 3224 1252 3283 ἐδειξεν
1263 3221 1412 3279 ἕαυτόνθῐυ.

355 3343 377 3414 ²)
394 3342 475 3397 Dem.
494 3343 572 3409 XIX,
593 3346 657 3399 1592
676 3343 723 3410 τήν
741 3365 769 3396 τε
788 3345 838 3417 γὰρ
857 3344 961 3418 εἰρήνην
979 3345 1036 3412 σάχλ
1054 3347 1221 3411 δυνηθέντων
1239 3343 1272 3404 ὥς
1284 3350 1413 3416 ἐπεχείρη-

287 3446 337 3482 σαν
357 3428 429 3483 οὗτοι
447 3429 516 3496 πλὴν
530 3430 623 3482 Ἁλέων
641 3434 685 3482 καὶ
705 3435 817 3484 Φωκίων
834 3431 947 3504 γράψαι,
972 3433 1026 3486 ἀλλ’
1046 3433 1258 3501 ἀναγκασθέντος
1276 3431 1320 3502 ἀφ’
1340 3431 1414 3502 ὑμῶν

286 3518 333 3570 τοῦ
357 3513 537 3585 Φιλοκράτους
553 3521 639 3568 ταῦτα
655 3523 704 3587 μὲν
722 3519 880 3590 ἀπαλεῖψαι,
899 3519 1003 3592 γράψαι
1017 3520 1044 3574 d'
1065 3522 1184 3590 ἄντικρυς
1196 3518 1357 3585 Ἀθηναίους
1370 3523 1412 3572 καὶ

286 3601 348 3662 τοὺς
361 3601 510 3668 Ἀθηναίων
529 3603 690 3673 συμμάχους.
709 3612 760 3660 etc.

355 3705 377 3776 ³)
397 3705 500 3760 Schaef.
520 3706 539 3761 l.
559 3707 577 3760 l.
596 3708 670 3780 Hp.
690 3713 740 3764 346
757 3726 815 3779 sqq.
840 3708 921 3763 Dem.
940 3710 1044 3777 XVIII,
1065 3714 1129 3767 132:
1148 3715 1190 3768 τίς
1207 3708 1258 3778 γιίρ
1276 3709 1349 3778 ὑμῶν
1366 3709 1413 3763 otiu

287 3792 342 3844 οἶδε
358 3791 406 3841 τὸν
424 3791 657 3862 ἀποψηφισθέντα
671 3793 838 3862 Ἀντιφῶντα,
859 3795 888 3853 ὃς
905 3795 1125 3866 ἐπαγγειλάμενος
1133 3799 1257 3864 Φιλίππῳ
1267 3795 1301 3848 τὰ
1318 3793 1413 3867 νεώρια

286 3872 430 3947 ἐμπρήσειν
449 3881 485 3939 εἰς
501 3879 549 3950 τήν
567 3879 646 3933 πόλιν
664 3879 757 3948 ἦλθεν,
782 3881 814 3934 όν
832 3880 961 3951 λαβόντος
977 3885 1041 3953 ἐμοῦ
1059 3886 1232 3953 κεκρυμμένον
1248 3887 1275 3936 ἐν
1294 3889 1414 3952 Πειραιεῖ

287 3967 330 4016 καὶ
342 3964 553 4032 καταστήσαντος
565 3969 601 4027 εἰς
612 3968 661 4032 τήν
672 3972 809 4033 ἐκκλησίαν
820 3972 889 4037 βοῶν
903 3969 917 4022 ὅ
934 3969 1064 4036 βάσκανος
1078 3972 1153 4026 αἶπος
1165 3973 1207 4020 nol
1220 3969 1348 4036 κεκραγώς
1360 3977 1410 4025 etc.

286 4051 319 4106 ef.
344 4053 426 4108 schol.
452 4053 486 4108 ad
509 4054 535 4108 h.
560 4055 579 4110 l.
604 4055 684 4111 Dem.
709 4055 786 4122 XIX,
814 4060 864 4111 209
879 4074 919 4133 sq.
956 4055 1051 4112 Suidas
1074 4075 1095 4110 s.
1122 4075 1147 4110 v.
1172 4055 1410 4124 ἀποψηφισθέντα.
