3190 5002
726 344 939 420 ...30...

269 519 379 612 potuit
407 523 574 611 postulare
596 525 780 610 Antipater,
811 547 910 609 quum
939 525 1089 592 nonnulli
1118 547 1229 592 eorum
1248 520 1394 594 Lamiaoi

269 626 349 693 belli
367 633 513 713 tempore
527 628 598 711 jam
612 629 825 693 decessissent
843 629 976 710 devita,
1001 649 1110 694 errore
1126 629 1168 694 ad
1181 627 1393 714 Antipatrum

270 730 451 815 transtulit,
485 730 571 813 quod
594 729 634 794 de
655 729 841 795 Alexandro
870 729 1070 795 narrandum
1092 737 1180 816 erat,
1209 730 1294 796 idem
1315 730 1393 796 fecit

271 831 388 896 Suidas
411 855 436 897 s,
459 856 487 898 v.
516 831 763 916 Δημοσθένης,·
792 853 851 916 pro
881 832 1086 916 fluctuantia
1115 832 1320 898 scribendum
1343 838 1393 898 est

271 933 479 1022 Μοιροκλέα.
522 935 662 1000 Eosdem
684 933 888 1017 Thrasybulo
918 935 1035 1000 omisso
1056 934 1215 1000 Arrianus
1244 935 1339 1000 affert
1367 934 1392 999 Ι.

275 1037 324 1120 10,
338 1038 367 1100 3.
388 1035 473 1101 -Octo
495 1043 625 1103 tanturn
646 1037 896 1102 nominaverunt
907 1038 940 1100 οὶ
956 1036 1109 1102 πλεῖστοι
1125 1039 1181 1101 καὶ
1199 1035 1393 1121 δοκιμώτα-

271 1162 325 1203 τοι
338 1139 401 1203 τῶν
417 1140 640 1227 συγγραφέων
656 1144 740 1203 teste
748 1138 925 1203 Plutarcho
940 1140 1007 1219 (vit.
1015 1140 1105 1205 Dem.
1119 1162 1145 1204 c.
1157 1141 1211 1221 23)
1222 1145 1255 1204 et
1264 1139 1394 1222 quidem

162 1270 164 1277 ·
270 1241 344 1307 hos:
368 1241 596 1328 Δημοσθένην
618 1237 833 1305 Πολύευκτον
854 1238 1035 1325 Ἐφιάλτην
1055 1243 1254 1329 Λυκοῦργον
1266 1243 1394 1325 Μοιρο-

272 1343 354 1407 κλέα
376 1342 523 1426 Δήμωνα
540 1341 787 1418 Καλλισθένην
814 1342 1024 1429 Χαρίδημον.
1068 1345 1299 1428 Unusquisque
1321 1365 1394 1408 oon-

270 1446 373 1530 cedet,
403 1447 581 1530 permirum
611 1467 689 1528 esse,
719 1444 807 1527 quod
828 1445 1009 1529 Hyperides
1031 1453 1064 1512 et
1087 1445 1215 1512 Chares'
1231 1446 1338 1512 desint
1359 1447 1393 1510 in

270 1549 332 1614 hoc
352 1549 476 1631 indice3
506 1570 565 1632 ego
596 1547 726 1630 quidem
754 1552 925 1631 procerte
954 1547 1069 1631 habeo,
1099 1550 1301 1634 postulatum
1324 1569 1393 1613 esse

269 1649 467 1736 Hyperidem
489 1672 509 1715 a
530 1671 616 1734 rege,
647 1671 720 1714 cum
742 1650 771 1713 ei
792 1650 940 1733 ignotum
968 1671 1037 1716 esse
1058 1652 1111 1714 vix
1132 1656 1252 1736 posset,
1275 1651 1392 1716 acerri-

268 1775 357 1818 mum
393 1752 603 1835 bellandique
641 1752 821 1837 cupiditate
853 1751 1140 1836 flagrantissimum
1172 1752 1393 1818 adversarium

269 1854 422 1940 Philippo
430 1853 530 1920 fuisse
538 1861 570 1920 et
579 1855 641 1938 ipsi
650 1853 1395 1940 esseHyperidemRepugnatsibiPlutarchus,

269 1979 342 2023 cum
364 1957 518 2022 hocloco
541 1958 673 2022 omittat
694 1955 902 2042 Hyperidem,
933 1978 1028 2039 quem
1051 1959 1106 2022 vit.
1129 1957 1226 2022 Phoc.
1249 1978 1274 2023 c.
1299 1958 1337 2021 17
1360 1958 1395 2022 in

268 2060 511 2145 postulatorum
532 2080 666 2123 numero
689 2059 845 2123 nominat.
880 2057 1038 2124 Contione
1061 2064 1247 2143 convocata,
1271 2059 1395 2143 quade

269 2160 449 2226 Alexandri
470 2160 691 2246 postulatione
713 2166 875 2244 ageretur,
904 2182 963 2244 pro
986 2163 1140 2245 strategis
1162 2163 1267 2227 oravit
1288 2162 1394 2246 Hype-

268 2264 355 2329 rides
388 2263 452 2345 (Ps.
473 2263 560 2327 Plut.
583 2263 646 2328 848
668 2263 706 2327 D.
734 2262 829 2327 Phot.
851 2262 930 2328 bibl.
959 2262 1027 2328 cod.
1051 2265 1149 2347 266),
1179 2263 1322 2329 Phocion
1343 2265 1393 2347 iis,

269 2367 326 2450 qui
348 2369 610 2450 exposcerentur,
631 2364 690 2431 Lei
711 2363 796 2429 filias
818 2371 852 2430 et
872 2364 1108 2450 Hyacinthidas
1129 2367 1304 2432 imitandas
1326 2387 1395 2431 esse

268 2469 351 2534 dixit
371 2473 573 2551 mortemque
594 2489 655 2553 pro
677 2467 786 2552 patria
807 2469 982 2553 petendam
1004 2467 1100 2547 (Plut.
1123 2470 1178 2534 vit.
1199 2468 1297 2534 Phoc.
1322 2469 1395 2550 17);

269 2571 429 2638 meditata
451 2573 598 2637 oratione
622 2570 728 2651 (Diod.
751 2568 813 2634 Sic.
835 2570 937 2635 XVII.
956 2571 1008 2650 15)
1027 2571 1262 2636 Demosthenes
1281 2570 1395 2656 populi

268 2674 524 2740 misericordiam
557 2673 747 2755 concitavit,
780 2673 829 2737 ita
860 2680 898 2738 ut
934 2694 987 2738 eos
1019 2694 1085 2736 non
1117 2672 1294 2752 tradendos
1326 2693 1394 2738 esse

269 2777 467 2844 decerneret.
509 2775 590 2840 dure
612 2773 727 2839 laudat
748 2773 816 2838 hir.
838 2775 894 2839 IX.
919 2776 973 2838 18:
997 2775 1151 2841 adversus
1172 2766 1395 2841 Alexandrum
1475 2847 1480 2857 ,

268 2879 416 2963 Athenis,
438 2880 473 2944 in
496 2878 626 2942 civitate
648 2875 755 2940 fracta
776 2876 989 2942 Macedonum
1011 2879 1119 2960 amnia,
1149 2883 1302 2942 cernente
1324 2883 1395 2942 tum

268 2984 406 3049 maxime
428 3001 531 3066 prope
553 2979 717 3044 fumantes
740 2978 926 3044 Thebarum
947 2981 1069 3063 ruinas,
1089 2981 1271 3046 contionari
1292 2979 1395 3046 libere

268 3087 341 3152 ausi
370 3089 447 3150 sunt
476 3079 641 3148 homines'.
685 3082 847 3146 Demades
877 3082 989 3147 etalii
1015 3083 1116 3167 legati
1139 3088 1225 3166 sunt,
1257 3083 1313 3166 qui
1335 3104 1394 3167 pro

267 3187 346 3252 viris
366 3187 432 3252 illis
455 3187 709 3271 deprecarentur
739 3179 888 3272 (οἷφιῒναι
922 3182 1072 3268 διόμενοι
1103 3184 1164 3264 την
1195 3183 1299 3271 ὀργήν
1324 3193 1394 3260 τοῖς

268 3285 479 3368 ἐξαιτηθεῖσι
507 3287 635 3354 Arrian.
657 3286 682 3351 l.
713 3287 763 3369 10,
786 3287 829 3366 6).
872 3285 1021 3351 Justinus
1042 3286 1113 3373 (xl.
1133 3288 1164 3370 4,
1188 3287 1243 3374 12)
1265 3293 1395 3352 narrat:

271 3413 308 3459 ec
330 3414 382 3458 res
405 3391 546 3456 deducta
568 3394 627 3472 est,
655 3393 694 3451 ut
715 3388 852 3452 retentis
875 3388 1059 3454 oratoribus
1088 3389 1185 3454 duces
1206 3391 1241 3455 in
1263 3390 1395 3454 exilium

269 3500 455 3578 agerentur,
480 3494 537 3576 qui
558 3514 597 3558 ex
620 3490 801 3555 continenti
822 3491 865 3555 ad
886 3491 1029 3566 Dareum
1050 3492 1188 3578 profecti
1209 3514 1275 3558 non
1296 3493 1394 3558 medi-

269 3617 343 3662 ocre
364 3601 563 3662 momentum
585 3594 758 3658 Persarum
780 3592 901 3658 viribus
924 3596 1105 3659 accessere'.
1137 3594 1211 3660 Non
1233 3595 1395 3660 consentit

268 3719 342 3764 oum
370 3721 407 3764 eo
428 3697 587 3763 Arrianus
608 3696 629 3761 l.
651 3695 684 3778 l.,
715 3697 771 3778 qui
793 3694 1020 3761 Charidemum
1047 3703 1177 3762 tantum
1205 3698 1240 3763 in
1263 3698 1394 3762 exilium

268 3801 403 3866 missum
438 3823 507 3867 esse
543 3798 665 3880 tradit3
698 3796 756 3862 sed
788 3817 946 3883 perquam
979 3798 1148 3884 probabile
1181 3806 1230 3864 est
1263 3805 1394 3884 praeter

269 3901 499 3970 Charidemum
521 3905 619 3970 etiam
641 3901 723 3966 alios
745 3899 843 3965 duces
858 3900 972 3967 urbem
985 3902 1164 3967 deseruisse
1180 3908 1213 3967 et
1225 3901 1394 3967 adPersas

268 4028 303 4073 se
325 4008 501 4075 contulisse
524 4007 564 4075 cf.
588 4004 711 4071 Boehn.
735 4010 860 4087 quaest.
883 4006 951 4071 Att.
975 4029 1007 4090 p.
1032 4005 1096 4070 b'bC
1118 4027 1188 4089 sqq.
