<?xml version="1.0" encoding="UTF-8"?>
<!DOCTYPE html PUBLIC "-//W3C//DTD XHTML 1.0 Transitional//EN"
    "http://www.w3.org/TR/xhtml1/DTD/xhtml1-transitional.dtd">
<html xmlns="http://www.w3.org/1999/xhtml" xml:lang="en" lang="en">
 <head>
  <title>
</title>
<meta http-equiv="Content-Type" content="text/html;charset=utf-8" />
  <meta name='ocr-system' content='tesseract 3.04.00' />
  <meta name='ocr-capabilities' content='ocr_page ocr_carea ocr_par ocr_line ocrx_word'/>
</head>
<body>
  <div class='ocr_page' id='page_1' title='image "./quaestionumhype00hagegoog_0072.png"; bbox 0 0 3190 5002; ppageno 0'>
   <div class='ocr_carea' id='block_1_1' title="bbox 676 362 890 430">
    <p class='ocr_par' dir='ltr' id='par_1_1' title="bbox 676 362 890 430">
     <span class='ocr_line' id='line_1_1' title="bbox 676 362 890 430; baseline 0.005 -18"><span class='ocrx_word' id='word_1_1' title='bbox 676 362 890 430; x_wconf 33' lang='lat'><em>*65*</em></span> 
     </span>
    </p>
   </div>
   <div class='ocr_carea' id='block_1_2' title="bbox 215 531 1344 4172">
    <p class='ocr_par' dir='ltr' id='par_1_2' title="bbox 215 531 1344 4172">
     <span class='ocr_line' id='line_1_2' title="bbox 217 531 1344 622; baseline 0.001 -21"><span class='ocrx_word' id='word_1_2' title='bbox 217 531 317 602; x_wconf 82' lang='lat' dir='ltr'><strong>fuisse</strong></span> <span class='ocrx_word' id='word_1_3' title='bbox 338 533 468 601; x_wconf 85' lang='lat' dir='ltr'><strong>videtur</strong></span> <span class='ocrx_word' id='word_1_4' title='bbox 489 533 529 600; x_wconf 80' lang='lat' dir='ltr'><em>cf.</em></span> <span class='ocrx_word' id='word_1_5' title='bbox 551 535 656 602; x_wconf 90' lang='lat' dir='ltr'><strong>Blass.</strong></span> <span class='ocrx_word' id='word_1_6' title='bbox 677 537 698 600; x_wconf 97' lang='lat' dir='ltr'><em>l.</em></span> <span class='ocrx_word' id='word_1_7' title='bbox 721 537 742 601; x_wconf 92' lang='lat' dir='ltr'><em>l.</em></span> <span class='ocrx_word' id='word_1_8' title='bbox 765 558 797 621; x_wconf 91' lang='lat' dir='ltr'><em>p.</em></span> <span class='ocrx_word' id='word_1_9' title='bbox 820 536 894 618; x_wconf 84' lang='grc'><em>466,</em></span> <span class='ocrx_word' id='word_1_10' title='bbox 917 557 948 598; x_wconf 93' lang='grc'><em>11.</em></span> <span class='ocrx_word' id='word_1_11' title='bbox 970 536 1000 598; x_wconf 87' lang='grc'><em>4.</em></span> <span class='ocrx_word' id='word_1_12' title='bbox 1016 535 1176 600; x_wconf 89' lang='lat' dir='ltr'><strong>——Omnia</strong></span> <span class='ocrx_word' id='word_1_13' title='bbox 1198 535 1344 622; x_wconf 86' lang='lat' dir='ltr'><strong>crimina,</strong></span> 
     </span>
     <span class='ocr_line' id='line_1_3' title="bbox 218 634 1343 723; baseline 0 -19"><span class='ocrx_word' id='word_1_14' title='bbox 218 659 302 722; x_wconf 84' lang='lat' dir='ltr'><strong>quae</strong></span> <span class='ocrx_word' id='word_1_15' title='bbox 323 637 476 704; x_wconf 79' lang='lat' dir='ltr'>Leocrati</span> <span class='ocrx_word' id='word_1_16' title='bbox 497 637 617 721; x_wconf 87' lang='lat' dir='ltr'><strong>objecit</strong></span> <span class='ocrx_word' id='word_1_17' title='bbox 629 638 806 722; x_wconf 87' lang='lat' dir='ltr'><strong>Lycurgus,</strong></span> <span class='ocrx_word' id='word_1_18' title='bbox 830 634 873 701; x_wconf 84' lang='grc' dir='ltr'><em>τοί</em></span> <span class='ocrx_word' id='word_1_19' title='bbox 897 634 1142 723; x_wconf 72' lang='grc' dir='ltr'><em>εἰσηγγελμένα</em></span> <span class='ocrx_word' id='word_1_20' title='bbox 1163 661 1240 703; x_wconf 87' lang='lat' dir='ltr'><strong>voce</strong></span> <span class='ocrx_word' id='word_1_21' title='bbox 1260 661 1343 704; x_wconf 89' lang='lat' dir='ltr'><strong>oom—</strong></span> 
     </span>
     <span class='ocr_line' id='line_1_4' title="bbox 215 729 1344 827; baseline 0 -21"><span class='ocrx_word' id='word_1_22' title='bbox 215 741 332 826; x_wconf 86' lang='lat' dir='ltr'><strong>plexus</strong></span> <span class='ocrx_word' id='word_1_23' title='bbox 355 746 422 822; x_wconf 83' lang='lat' dir='ltr'><strong>est3</strong></span> <span class='ocrx_word' id='word_1_24' title='bbox 451 729 599 805; x_wconf 87' lang='lat' dir='ltr'><strong>interea</strong></span> <span class='ocrx_word' id='word_1_25' title='bbox 620 739 683 804; x_wconf 83' lang='lat' dir='ltr'><strong>fuit</strong></span> <span class='ocrx_word' id='word_1_26' title='bbox 706 737 725 818; x_wconf 74' lang='grc' dir='ltr'><em>ἡ</em></span> <span class='ocrx_word' id='word_1_27' title='bbox 750 737 937 824; x_wconf 85' lang='grc' dir='ltr'><em>σιτηγησις,</em></span> <span class='ocrx_word' id='word_1_28' title='bbox 969 761 1034 822; x_wconf 89' lang='lat' dir='ltr'><em>qua</em></span> <span class='ocrx_word' id='word_1_29' title='bbox 1055 761 1138 804; x_wconf 88' lang='lat' dir='ltr'><strong>novo</strong></span> <span class='ocrx_word' id='word_1_30' title='bbox 1161 738 1344 827; x_wconf 80' lang='grc' dir='ltr'><em>προδοσίας</em></span> 
     </span>
     <span class='ocr_line' id='line_1_5' title="bbox 217 842 1343 928; baseline -0.001 -19"><span class='ocrx_word' id='word_1_31' title='bbox 217 849 409 928; x_wconf 85' lang='lat' dir='ltr'><strong>argumento</strong></span> <span class='ocrx_word' id='word_1_32' title='bbox 431 863 508 908; x_wconf 88' lang='lat' dir='ltr'><strong>usus</strong></span> <span class='ocrx_word' id='word_1_33' title='bbox 531 847 597 907; x_wconf 89' lang='lat' dir='ltr'><strong>est:</strong></span> <span class='ocrx_word' id='word_1_34' title='bbox 620 843 800 908; x_wconf 89' lang='lat' dir='ltr'><strong>deseruisse</strong></span> <span class='ocrx_word' id='word_1_35' title='bbox 811 842 1003 907; x_wconf 86' lang='lat' dir='ltr'><strong>Leocratem</strong></span> <span class='ocrx_word' id='word_1_36' title='bbox 1023 863 1089 907; x_wconf 90' lang='lat' dir='ltr'><em>nou</em></span> <span class='ocrx_word' id='word_1_37' title='bbox 1103 845 1208 908; x_wconf 90' lang='lat' dir='ltr'><strong>solum</strong></span> <span class='ocrx_word' id='word_1_38' title='bbox 1229 843 1343 909; x_wconf 91' lang='lat' dir='ltr'><strong>urbem</strong></span> 
     </span>
     <span class='ocr_line' id='line_1_6' title="bbox 215 945 1343 1030; baseline 0.001 -20"><span class='ocrx_word' id='word_1_39' title='bbox 215 946 252 1010; x_wconf 93' lang='lat' dir='ltr'><strong>in</strong></span> <span class='ocrx_word' id='word_1_40' title='bbox 281 946 441 1030; x_wconf 80' lang='lat' dir='ltr'><strong>angustiis</strong></span> <span class='ocrx_word' id='word_1_41' title='bbox 469 950 669 1028; x_wconf 86' lang='lat' dir='ltr'><strong>versantem,</strong></span> <span class='ocrx_word' id='word_1_42' title='bbox 702 945 759 1009; x_wconf 87' lang='lat' dir='ltr'><strong>sed</strong></span> <span class='ocrx_word' id='word_1_43' title='bbox 788 945 888 1008; x_wconf 88' lang='lat' dir='ltr'><strong>etiam</strong></span> <span class='ocrx_word' id='word_1_44' title='bbox 919 950 1034 1009; x_wconf 90' lang='lat' dir='ltr'><strong>contra</strong></span> <span class='ocrx_word' id='word_1_45' title='bbox 1063 946 1150 1029; x_wconf 85' lang='lat' dir='ltr'><strong>leges</strong></span> <span class='ocrx_word' id='word_1_46' title='bbox 1181 946 1216 1009; x_wconf 91' lang='lat' dir='ltr'><strong>in</strong></span> <span class='ocrx_word' id='word_1_47' title='bbox 1243 947 1343 1012; x_wconf 89' lang='lat' dir='ltr'><strong>alium</strong></span> 
     </span>
     <span class='ocr_line' id='line_1_7' title="bbox 217 1043 1342 1133; baseline 0 -20"><span class='ocrx_word' id='word_1_48' title='bbox 217 1049 334 1132; x_wconf 89' lang='lat' dir='ltr'><strong>locum,</strong></span> <span class='ocrx_word' id='word_1_49' title='bbox 357 1070 423 1113; x_wconf 91' lang='lat' dir='ltr'><em>non</em></span> <span class='ocrx_word' id='word_1_50' title='bbox 435 1047 592 1130; x_wconf 80' lang='lat' dir='ltr'><strong>Athenas,</strong></span> <span class='ocrx_word' id='word_1_51' title='bbox 607 1046 807 1111; x_wconf 88' lang='lat' dir='ltr'><strong>frumentum</strong></span> <span class='ocrx_word' id='word_1_52' title='bbox 825 1046 1011 1112; x_wconf 75' lang='lat' dir='ltr'><strong>subvenisse</strong></span> <span class='ocrx_word' id='word_1_53' title='bbox 1025 1047 1085 1110; x_wconf 87' lang='grc' dir='ltr'><em>καί</em></span> <span class='ocrx_word' id='word_1_54' title='bbox 1097 1046 1155 1111; x_wconf 81' lang='grc' dir='ltr'><em>οὐκ</em></span> <span class='ocrx_word' id='word_1_55' title='bbox 1166 1043 1342 1133; x_wconf 77' lang='grc' dir='ltr'><strong><em>ἐξήρκεσεν</em></strong></span> 
     </span>
     <span class='ocr_line' id='line_1_8' title="bbox 217 1147 1342 1236; baseline -0.001 -23"><span class='ocrx_word' id='word_1_56' title='bbox 217 1148 313 1236; x_wconf 78' lang='grc' dir='ltr'><em>αὐτῷ</em></span> <span class='ocrx_word' id='word_1_57' title='bbox 342 1153 495 1215; x_wconf 76' lang='grc' dir='ltr'><em>τοσαῦτα</em></span> <span class='ocrx_word' id='word_1_58' title='bbox 528 1149 586 1212; x_wconf 90' lang='grc' dir='ltr'><em>καὶ</em></span> <span class='ocrx_word' id='word_1_59' title='bbox 620 1151 809 1228; x_wconf 83' lang='grc' dir='ltr'><em>τηλικαῦτα</em></span> <span class='ocrx_word' id='word_1_60' title='bbox 840 1148 903 1226; x_wconf 83' lang='grc' dir='ltr'><em>την</em></span> <span class='ocrx_word' id='word_1_61' title='bbox 931 1149 1032 1213; x_wconf 88' lang='grc' dir='ltr'><em>πόλιν</em></span> <span class='ocrx_word' id='word_1_62' title='bbox 1053 1147 1233 1229; x_wconf 77' lang='grc' dir='ltr'><em>ἀδικῆσαι,</em></span> <span class='ocrx_word' id='word_1_63' title='bbox 1266 1147 1342 1212; x_wconf 78' lang='grc' dir='ltr'><em>ἀλλ’</em></span> 
     </span>
     <span class='ocr_line' id='line_1_9' title="bbox 224 1239 1343 1336; baseline -0.002 -19"><span class='ocrx_word' id='word_1_64' title='bbox 224 1248 327 1318; x_wconf 82' lang='grc' dir='ltr'><em>οἰκῶν</em></span> <span class='ocrx_word' id='word_1_65' title='bbox 356 1253 390 1316; x_wconf 83' lang='grc' dir='ltr'><em>ἐν</em></span> <span class='ocrx_word' id='word_1_66' title='bbox 412 1251 600 1335; x_wconf 85' lang='grc' dir='ltr'><em>Μεγοίροις,</em></span> <span class='ocrx_word' id='word_1_67' title='bbox 633 1240 685 1325; x_wconf 83' lang='grc' dir='ltr'><em>οἷς</em></span> <span class='ocrx_word' id='word_1_68' title='bbox 712 1249 789 1334; x_wconf 84' lang='grc' dir='ltr'><em>παρ’</em></span> <span class='ocrx_word' id='word_1_69' title='bbox 820 1247 912 1334; x_wconf 75' lang='grc' dir='ltr'><em>ὑμῶν</em></span> <span class='ocrx_word' id='word_1_70' title='bbox 934 1239 1152 1332; x_wconf 80' lang='grc' dir='ltr'><em>ἐξεκομίσατο</em></span> <span class='ocrx_word' id='word_1_71' title='bbox 1174 1249 1343 1336; x_wconf 84' lang='grc' dir='ltr'><em>χρήμασιν</em></span> 
     </span>
     <span class='ocr_line' id='line_1_10' title="bbox 217 1348 1342 1446; baseline -0.002 -28"><span class='ocrx_word' id='word_1_72' title='bbox 217 1354 360 1446; x_wconf 75' lang='grc' dir='ltr'><em>οίιμορμῇ</em></span> <span class='ocrx_word' id='word_1_73' title='bbox 386 1352 568 1439; x_wconf 84' lang='grc' dir='ltr'><em>χρώμενος,</em></span> <span class='ocrx_word' id='word_1_74' title='bbox 597 1353 633 1416; x_wconf 85' lang='grc' dir='ltr'><em>ἐκ</em></span> <span class='ocrx_word' id='word_1_75' title='bbox 665 1355 725 1431; x_wconf 77' lang='grc' dir='ltr'><em>τῆς</em></span> <span class='ocrx_word' id='word_1_76' title='bbox 754 1350 895 1438; x_wconf 78' lang='grc' dir='ltr'><em>ἠπείρου</em></span> <span class='ocrx_word' id='word_1_77' title='bbox 926 1354 1017 1437; x_wconf 83' lang='grc' dir='ltr'><em>παραὶ</em></span> <span class='ocrx_word' id='word_1_78' title='bbox 1044 1353 1264 1435; x_wconf 81' lang='grc' dir='ltr'><em>Κλεοπάτρας</em></span> <span class='ocrx_word' id='word_1_79' title='bbox 1295 1348 1342 1427; x_wconf 82' lang='grc' dir='ltr'><em>εἰς</em></span> 
     </span>
     <span class='ocr_line' id='line_1_11' title="bbox 215 1443 1344 1540; baseline -0.002 -20"><span class='ocrx_word' id='word_1_80' title='bbox 215 1455 360 1522; x_wconf 82' lang='grc' dir='ltr'><em>Ἑλλάδα</em></span> <span class='ocrx_word' id='word_1_81' title='bbox 375 1455 520 1540; x_wconf 79' lang='grc' dir='ltr'><em>ἐσιτήγει</em></span> <span class='ocrx_word' id='word_1_82' title='bbox 536 1457 591 1518; x_wconf 86' lang='grc' dir='ltr'><em>καί</em></span> <span class='ocrx_word' id='word_1_83' title='bbox 608 1455 743 1519; x_wconf 71' lang='grc' dir='ltr'><em>ἐκεῖθεν</em></span> <span class='ocrx_word' id='word_1_84' title='bbox 761 1453 809 1529; x_wconf 86' lang='grc' dir='ltr'><em>εἰς</em></span> <span class='ocrx_word' id='word_1_85' title='bbox 828 1453 1010 1538; x_wconf 65' lang='grc' dir='ltr'><em>Κόρινθον.</em></span> <span class='ocrx_word' id='word_1_86' title='bbox 1035 1452 1158 1528; x_wconf 83' lang='grc' dir='ltr'><em>καίτοι,</em></span> <span class='ocrx_word' id='word_1_87' title='bbox 1175 1443 1199 1518; x_wconf 82' lang='grc' dir='ltr'><strong><em>ὦ</em></strong></span> <span class='ocrx_word' id='word_1_88' title='bbox 1214 1452 1344 1540; x_wconf 82' lang='grc' dir='ltr'><em>ἄνδρες,</em></span> 
     </span>
     <span class='ocr_line' id='line_1_12' title="bbox 218 1553 1343 1645; baseline -0.004 -22"><span class='ocrx_word' id='word_1_89' title='bbox 218 1560 375 1645; x_wconf 85' lang='grc' dir='ltr'><em>καὶπερὶ</em></span> <span class='ocrx_word' id='word_1_90' title='bbox 405 1556 532 1622; x_wconf 86' lang='grc' dir='ltr'><em>τούτων</em></span> <span class='ocrx_word' id='word_1_91' title='bbox 552 1560 584 1621; x_wconf 88' lang='grc' dir='ltr'><em>οἱ</em></span> <span class='ocrx_word' id='word_1_92' title='bbox 614 1554 768 1642; x_wconf 81' lang='grc' dir='ltr'><em>όμίτεροι</em></span> <span class='ocrx_word' id='word_1_93' title='bbox 796 1555 895 1639; x_wconf 88' lang='grc' dir='ltr'><em>νόμοι</em></span> <span class='ocrx_word' id='word_1_94' title='bbox 924 1556 983 1629; x_wconf 81' lang='grc' dir='ltr'><em>ττίς</em></span> <span class='ocrx_word' id='word_1_95' title='bbox 1011 1553 1153 1643; x_wconf 77' lang='grc' dir='ltr'><em>ἐσχάτας</em></span> <span class='ocrx_word' id='word_1_96' title='bbox 1182 1561 1343 1641; x_wconf 77' lang='grc' dir='ltr'><em>τιμωρίας</em></span> 
     </span>
     <span class='ocr_line' id='line_1_13' title="bbox 217 1652 1343 1748; baseline -0.006 -23"><span class='ocrx_word' id='word_1_97' title='bbox 217 1659 398 1746; x_wconf 81' lang='grc' dir='ltr'><em>ὁρίζουσιν,</em></span> <span class='ocrx_word' id='word_1_98' title='bbox 420 1657 479 1724; x_wconf 82' lang='grc' dir='ltr'><em>ἐόν</em></span> <span class='ocrx_word' id='word_1_99' title='bbox 503 1682 550 1734; x_wconf 89' lang='grc' dir='ltr'><em>τις</em></span> <span class='ocrx_word' id='word_1_100' title='bbox 571 1657 761 1738; x_wconf 78' lang='grc' dir='ltr'><em>Ἀθηναίων</em></span> <span class='ocrx_word' id='word_1_101' title='bbox 776 1657 897 1722; x_wconf 81' lang='grc' dir='ltr'><em>ἄλλοσέ</em></span> <span class='ocrx_word' id='word_1_102' title='bbox 910 1681 956 1736; x_wconf 90' lang='grc' dir='ltr'><em>πη</em></span> <span class='ocrx_word' id='word_1_103' title='bbox 974 1652 1175 1748; x_wconf 72' lang='grc' dir='ltr'><em>σιτηγησηῆ</em></span> <span class='ocrx_word' id='word_1_104' title='bbox 1186 1655 1227 1733; x_wconf 80' lang='grc' dir='ltr'><em>νίς</em></span> <span class='ocrx_word' id='word_1_105' title='bbox 1247 1655 1343 1740; x_wconf 81' lang='grc' dir='ltr'><em>ὑμᾶς.</em></span> 
     </span>
     <span class='ocr_line' id='line_1_14' title="bbox 218 1760 1342 1843; baseline -0.004 -15"><span class='ocrx_word' id='word_1_106' title='bbox 218 1764 258 1829; x_wconf 91' lang='lat' dir='ltr'><em>cf.</em></span> <span class='ocrx_word' id='word_1_107' title='bbox 281 1764 371 1828; x_wconf 87' lang='lat' dir='ltr'><strong>Dem.</strong></span> <span class='ocrx_word' id='word_1_108' title='bbox 394 1760 544 1843; x_wconf 86' lang='lat' dir='ltr'>XXXIV,</span> <span class='ocrx_word' id='word_1_109' title='bbox 567 1762 618 1826; x_wconf 83' lang='lat'><em>37.</em></span> <span class='ocrx_word' id='word_1_110' title='bbox 640 1761 782 1826; x_wconf 88' lang='lat' dir='ltr'><strong>Boeckh.</strong></span> <span class='ocrx_word' id='word_1_111' title='bbox 806 1762 846 1825; x_wconf 88' lang='lat' dir='ltr'><em>de</em></span> <span class='ocrx_word' id='word_1_112' title='bbox 869 1783 934 1825; x_wconf 92' lang='lat' dir='ltr'><strong>oec.</strong></span> <span class='ocrx_word' id='word_1_113' title='bbox 956 1760 1033 1824; x_wconf 88' lang='lat' dir='ltr'><strong>Ath.</strong></span> <span class='ocrx_word' id='word_1_114' title='bbox 1056 1761 1072 1824; x_wconf 93' lang='grc' dir='ltr'><strong>Ι</strong></span> <span class='ocrx_word' id='word_1_115' title='bbox 1096 1782 1128 1843; x_wconf 90' lang='lat' dir='ltr'><em>p.</em></span> <span class='ocrx_word' id='word_1_116' title='bbox 1152 1762 1342 1826; x_wconf 71' lang='grc'>79120.-</span> 
     </span>
     <span class='ocr_line' id='line_1_15' title="bbox 217 1859 1342 1948; baseline -0.002 -18"><span class='ocrx_word' id='word_1_117' title='bbox 217 1867 307 1930; x_wconf 88' lang='lat' dir='ltr'><strong>Dem.</strong></span> <span class='ocrx_word' id='word_1_118' title='bbox 329 1862 479 1946; x_wconf 82' lang='lat' dir='ltr'>XXXIV,</span> <span class='ocrx_word' id='word_1_119' title='bbox 505 1863 563 1927; x_wconf 84' lang='lat'><em>50:</em></span> <span class='ocrx_word' id='word_1_120' title='bbox 592 1861 684 1948; x_wconf 85' lang='grc' dir='ltr'><em>ὑμεῖς</em></span> <span class='ocrx_word' id='word_1_121' title='bbox 713 1861 779 1948; x_wconf 87' lang='grc' dir='ltr'><em>γσίρ</em></span> <span class='ocrx_word' id='word_1_122' title='bbox 812 1863 884 1928; x_wconf 79' lang='grc' dir='ltr'><em>ἐστε</em></span> <span class='ocrx_word' id='word_1_123' title='bbox 915 1865 948 1927; x_wconf 90' lang='grc' dir='ltr'><em>σί</em></span> <span class='ocrx_word' id='word_1_124' title='bbox 971 1859 1068 1927; x_wconf 76' lang='grc' dir='ltr'><em>αὐτοὶ</em></span> <span class='ocrx_word' id='word_1_125' title='bbox 1092 1867 1124 1928; x_wconf 91' lang='grc' dir='ltr'><em>οί</em></span> <span class='ocrx_word' id='word_1_126' title='bbox 1147 1862 1207 1928; x_wconf 82' lang='grc' dir='ltr'><em>τόν</em></span> <span class='ocrx_word' id='word_1_127' title='bbox 1229 1861 1342 1929; x_wconf 81' lang='grc' dir='ltr'><em>ἐπιδε-</em></span> 
     </span>
     <span class='ocr_line' id='line_1_16' title="bbox 218 1963 1343 2051; baseline -0.004 -17"><span class='ocrx_word' id='word_1_128' title='bbox 218 1968 440 2051; x_wconf 83' lang='grc' dir='ltr'><em>δανεισμένον</em></span> <span class='ocrx_word' id='word_1_129' title='bbox 476 1965 511 2028; x_wconf 88' lang='grc' dir='ltr'><em>ἐκ</em></span> <span class='ocrx_word' id='word_1_130' title='bbox 550 1968 612 2030; x_wconf 86' lang='grc' dir='ltr'><em>τοῖι</em></span> <span class='ocrx_word' id='word_1_131' title='bbox 645 1967 804 2051; x_wconf 76' lang='grc' dir='ltr'><em>ἐμπορίου</em></span> <span class='ocrx_word' id='word_1_132' title='bbox 840 1963 952 2030; x_wconf 81' lang='grc' dir='ltr'><em>πολλοὶ</em></span> <span class='ocrx_word' id='word_1_133' title='bbox 990 1963 1145 2050; x_wconf 80' lang='grc' dir='ltr'><em>χρήματα</em></span> <span class='ocrx_word' id='word_1_134' title='bbox 1187 1967 1245 2029; x_wconf 84' lang='grc' dir='ltr'><em>καί</em></span> <span class='ocrx_word' id='word_1_135' title='bbox 1275 1974 1343 2040; x_wconf 88' lang='grc' dir='ltr'><em>τοῖς</em></span> 
     </span>
     <span class='ocr_line' id='line_1_17' title="bbox 217 2062 1343 2158; baseline -0.004 -22"><span class='ocrx_word' id='word_1_136' title='bbox 217 2072 410 2144; x_wconf 80' lang='grc' dir='ltr'><em>δανεισταῖς</em></span> <span class='ocrx_word' id='word_1_137' title='bbox 420 2067 459 2132; x_wconf 76' lang='lat' dir='ltr'><strong>ori</strong></span> <span class='ocrx_word' id='word_1_138' title='bbox 470 2066 692 2154; x_wconf 86' lang='grc' dir='ltr'><em>παρασχόντα</em></span> <span class='ocrx_word' id='word_1_139' title='bbox 701 2062 1106 2158; x_wconf 60' lang='grc' dir='ltr'><em>τσίςὺποθήκαςζθανσίτῳ</em></span> <span class='ocrx_word' id='word_1_140' title='bbox 1119 2067 1343 2151; x_wconf 80' lang='grc' dir='ltr'><em>ζημιώσαντες</em></span> 
     </span>
     <span class='ocr_line' id='line_1_18' title="bbox 216 2167 1342 2260; baseline 0 -26"><span class='ocrx_word' id='word_1_141' title='bbox 216 2171 484 2256; x_wconf 76' lang='grc' dir='ltr'><em>εἰσαγγελθέντα</em></span> <span class='ocrx_word' id='word_1_142' title='bbox 515 2171 550 2234; x_wconf 88' lang='grc' dir='ltr'><em>ἐν</em></span> <span class='ocrx_word' id='word_1_143' title='bbox 576 2170 623 2260; x_wconf 80' lang='grc' dir='ltr'><em>τῷ</em></span> <span class='ocrx_word' id='word_1_144' title='bbox 651 2167 748 2259; x_wconf 77' lang='grc' dir='ltr'><em>δήμῳ</em></span> <span class='ocrx_word' id='word_1_145' title='bbox 778 2171 836 2233; x_wconf 88' lang='grc' dir='ltr'><em>καὶ</em></span> <span class='ocrx_word' id='word_1_146' title='bbox 865 2171 973 2235; x_wconf 84' lang='grc' dir='ltr'><em>ταῦτα</em></span> <span class='ocrx_word' id='word_1_147' title='bbox 1003 2168 1145 2250; x_wconf 87' lang='grc' dir='ltr'><em>πολίτην</em></span> <span class='ocrx_word' id='word_1_148' title='bbox 1179 2167 1342 2256; x_wconf 74' lang='grc' dir='ltr'><em>ὑμέτερον</em></span> 
     </span>
     <span class='ocr_line' id='line_1_19' title="bbox 216 2267 1342 2358; baseline -0.001 -21"><span class='ocrx_word' id='word_1_149' title='bbox 216 2270 301 2339; x_wconf 80' lang='grc' dir='ltr'><em>ὄντα</em></span> <span class='ocrx_word' id='word_1_150' title='bbox 324 2275 382 2337; x_wconf 84' lang='grc' dir='ltr'><em>καί</em></span> <span class='ocrx_word' id='word_1_151' title='bbox 405 2271 531 2358; x_wconf 88' lang='grc' dir='ltr'><em>πατρός</em></span> <span class='ocrx_word' id='word_1_152' title='bbox 554 2267 854 2358; x_wconf 77' lang='grc' dir='ltr'><em>ἐστρατηγηκότος.</em></span> <span class='ocrx_word' id='word_1_153' title='bbox 876 2269 1017 2357; x_wconf 74' lang='grc' dir='ltr'><em>ἡγεῖσθε</em></span> <span class='ocrx_word' id='word_1_154' title='bbox 1041 2272 1106 2357; x_wconf 87' lang='grc' dir='ltr'><em>γοίρ</em></span> <span class='ocrx_word' id='word_1_155' title='bbox 1131 2273 1211 2348; x_wconf 80' lang='grc' dir='ltr'><em>τούς</em></span> <span class='ocrx_word' id='word_1_156' title='bbox 1230 2272 1342 2338; x_wconf 87' lang='grc' dir='ltr'><em>τοιού-</em></span> 
     </span>
     <span class='ocr_line' id='line_1_20' title="bbox 217 2372 1344 2466; baseline 0 -25"><span class='ocrx_word' id='word_1_157' title='bbox 217 2399 293 2450; x_wconf 84' lang='grc' dir='ltr'><em>τους</em></span> <span class='ocrx_word' id='word_1_158' title='bbox 316 2375 356 2441; x_wconf 84' lang='grc' dir='ltr'><em>οό</em></span> <span class='ocrx_word' id='word_1_159' title='bbox 377 2374 485 2461; x_wconf 87' lang='grc' dir='ltr'><em>μόνον</em></span> <span class='ocrx_word' id='word_1_160' title='bbox 515 2375 592 2450; x_wconf 81' lang='grc' dir='ltr'><em>τούς</em></span> <span class='ocrx_word' id='word_1_161' title='bbox 614 2374 873 2460; x_wconf 80' lang='grc' dir='ltr'><em>ἐντυγχάνοντας</em></span> <span class='ocrx_word' id='word_1_162' title='bbox 895 2372 1032 2449; x_wconf 75' lang='grc' dir='ltr'><em>ἀδικεῖν,</em></span> <span class='ocrx_word' id='word_1_163' title='bbox 1056 2375 1145 2454; x_wconf 83' lang='grc' dir='ltr'><em>α’λλοί</em></span> <span class='ocrx_word' id='word_1_164' title='bbox 1170 2375 1344 2466; x_wconf 74' lang='grc' dir='ltr'><em>καὶκοινῇ</em></span> 
     </span>
     <span class='ocr_line' id='line_1_21' title="bbox 215 2474 1343 2563; baseline 0.003 -23"><span class='ocrx_word' id='word_1_165' title='bbox 215 2474 384 2560; x_wconf 81' lang='grc' dir='ltr'><em>βλιίπτειν</em></span> <span class='ocrx_word' id='word_1_166' title='bbox 406 2477 445 2543; x_wconf 83' lang='grc' dir='ltr'><em>τό</em></span> <span class='ocrx_word' id='word_1_167' title='bbox 468 2475 628 2563; x_wconf 85' lang='grc' dir='ltr'><em>ἐμπόριον</em></span> <span class='ocrx_word' id='word_1_168' title='bbox 650 2476 739 2561; x_wconf 80' lang='grc' dir='ltr'><em>ὑγιῶν</em></span> <span class='ocrx_word' id='word_1_169' title='bbox 761 2475 899 2551; x_wconf 78' lang='grc' dir='ltr'><em>εἰκότως</em></span> <span class='ocrx_word' id='word_1_170' title='bbox 921 2483 981 2541; x_wconf 90' lang='lat' dir='ltr'><strong>etc.</strong></span> <span class='ocrx_word' id='word_1_171' title='bbox 1010 2477 1099 2542; x_wconf 89' lang='lat' dir='ltr'><strong>Haec</strong></span> <span class='ocrx_word' id='word_1_172' title='bbox 1120 2479 1185 2544; x_wconf 88' lang='lat' dir='ltr'><strong>tria</strong></span> <span class='ocrx_word' id='word_1_173' title='bbox 1207 2479 1343 2544; x_wconf 88' lang='lat' dir='ltr'><strong>crimina</strong></span> 
     </span>
     <span class='ocr_line' id='line_1_22' title="bbox 219 2579 1341 2665; baseline 0.002 -21"><span class='ocrx_word' id='word_1_174' title='bbox 219 2580 372 2646; x_wconf 71' lang='lat' dir='ltr'><strong>videntm’</strong></span> <span class='ocrx_word' id='word_1_175' title='bbox 394 2579 475 2645; x_wconf 90' lang='lat' dir='ltr'><strong>mihi</strong></span> <span class='ocrx_word' id='word_1_176' title='bbox 497 2581 584 2645; x_wconf 90' lang='lat' dir='ltr'><strong>inter</strong></span> <span class='ocrx_word' id='word_1_177' title='bbox 607 2602 640 2644; x_wconf 89' lang='lat' dir='ltr'><strong>se</strong></span> <span class='ocrx_word' id='word_1_178' title='bbox 663 2601 786 2645; x_wconf 89' lang='lat' dir='ltr'><strong>conexa</strong></span> <span class='ocrx_word' id='word_1_179' title='bbox 808 2600 894 2660; x_wconf 74' lang='lat' dir='ltr'><strong>esse,</strong></span> <span class='ocrx_word' id='word_1_180' title='bbox 918 2585 1068 2662; x_wconf 89' lang='lat' dir='ltr'><strong>spectant</strong></span> <span class='ocrx_word' id='word_1_181' title='bbox 1087 2581 1130 2644; x_wconf 89' lang='lat' dir='ltr'><em>ad</em></span> <span class='ocrx_word' id='word_1_182' title='bbox 1146 2582 1245 2665; x_wconf 80' lang='lat' dir='ltr'><strong>leges,</strong></span> <span class='ocrx_word' id='word_1_183' title='bbox 1258 2601 1341 2663; x_wconf 86' lang='lat' dir='ltr'><strong>quae</strong></span> 
     </span>
     <span class='ocr_line' id='line_1_23' title="bbox 218 2681 1340 2767; baseline 0 -19"><span class='ocrx_word' id='word_1_184' title='bbox 218 2682 261 2748; x_wconf 85' lang='lat' dir='ltr'><em>ad</em></span> <span class='ocrx_word' id='word_1_185' title='bbox 283 2688 500 2748; x_wconf 81' lang='lat' dir='ltr'><strong>mercaturam</strong></span> <span class='ocrx_word' id='word_1_186' title='bbox 522 2682 699 2767; x_wconf 75' lang='lat' dir='ltr'><strong>pertinent.</strong></span> <span class='ocrx_word' id='word_1_187' title='bbox 722 2681 796 2746; x_wconf 91' lang='lat' dir='ltr'><em>Non</em></span> <span class='ocrx_word' id='word_1_188' title='bbox 817 2702 931 2745; x_wconf 85' lang='lat' dir='ltr'><strong>vereor</strong></span> <span class='ocrx_word' id='word_1_189' title='bbox 948 2681 1058 2764; x_wconf 81' lang='lat' dir='ltr'><strong>igitur,</strong></span> <span class='ocrx_word' id='word_1_190' title='bbox 1082 2703 1122 2746; x_wconf 92' lang='lat' dir='ltr'><em>ne</em></span> <span class='ocrx_word' id='word_1_191' title='bbox 1143 2683 1340 2749; x_wconf 86' lang='lat' dir='ltr'><strong>temeritatis</strong></span> 
     </span>
     <span class='ocr_line' id='line_1_24' title="bbox 218 2778 1341 2870; baseline 0.001 -20"><span class='ocrx_word' id='word_1_192' title='bbox 218 2785 428 2870; x_wconf 89' lang='lat' dir='ltr'><strong>opprobrium</strong></span> <span class='ocrx_word' id='word_1_193' title='bbox 452 2785 596 2868; x_wconf 83' lang='lat' dir='ltr'><strong>subeam,</strong></span> <span class='ocrx_word' id='word_1_194' title='bbox 625 2787 652 2849; x_wconf 92' lang='lat' dir='ltr'><em>si</em></span> <span class='ocrx_word' id='word_1_195' title='bbox 673 2787 707 2848; x_wconf 92' lang='lat' dir='ltr'><strong>in</strong></span> <span class='ocrx_word' id='word_1_196' title='bbox 730 2786 801 2868; x_wconf 82' lang='lat' dir='ltr'><strong>lege</strong></span> <span class='ocrx_word' id='word_1_197' title='bbox 833 2778 1044 2868; x_wconf 86' lang='grc' dir='ltr'><em>εἰσαγγελίας</em></span> <span class='ocrx_word' id='word_1_198' title='bbox 1066 2785 1192 2868; x_wconf 87' lang='lat' dir='ltr'><strong>aliquid</strong></span> <span class='ocrx_word' id='word_1_199' title='bbox 1221 2786 1261 2851; x_wconf 89' lang='lat' dir='ltr'><em>de</em></span> <span class='ocrx_word' id='word_1_200' title='bbox 1291 2786 1341 2850; x_wconf 90' lang='lat' dir='ltr'><strong>in·</strong></span> 
     </span>
     <span class='ocr_line' id='line_1_25' title="bbox 217 2886 1339 2972; baseline 0.004 -22"><span class='ocrx_word' id='word_1_201' title='bbox 217 2888 364 2952; x_wconf 84' lang='lat' dir='ltr'><strong>vectione</strong></span> <span class='ocrx_word' id='word_1_202' title='bbox 386 2887 551 2970; x_wconf 79' lang='lat' dir='ltr'><strong>frumenti,</strong></span> <span class='ocrx_word' id='word_1_203' title='bbox 574 2889 786 2971; x_wconf 87' lang='lat' dir='ltr'><strong>pecuniarum</strong></span> <span class='ocrx_word' id='word_1_204' title='bbox 809 2886 1025 2970; x_wconf 89' lang='lat' dir='ltr'><strong>cantionibus,</strong></span> <span class='ocrx_word' id='word_1_205' title='bbox 1049 2887 1208 2953; x_wconf 84' lang='lat' dir='ltr'><strong>similibus</strong></span> <span class='ocrx_word' id='word_1_206' title='bbox 1222 2909 1339 2972; x_wconf 90' lang='lat' dir='ltr'><strong>propo·</strong></span> 
     </span>
     <span class='ocr_line' id='line_1_26' title="bbox 218 2989 1341 3074; baseline 0 -20"><span class='ocrx_word' id='word_1_207' title='bbox 218 2990 317 3054; x_wconf 87' lang='lat' dir='ltr'><strong>eitum</strong></span> <span class='ocrx_word' id='word_1_208' title='bbox 339 2989 440 3056; x_wconf 87' lang='lat' dir='ltr'><strong>fuisse</strong></span> <span class='ocrx_word' id='word_1_209' title='bbox 462 2989 632 3055; x_wconf 86' lang='lat' dir='ltr'><strong>contendo.</strong></span> <span class='ocrx_word' id='word_1_210' title='bbox 667 2989 911 3074; x_wconf 89' lang='lat' dir='ltr'><strong>Deplorandum</strong></span> <span class='ocrx_word' id='word_1_211' title='bbox 933 2994 983 3055; x_wconf 91' lang='lat' dir='ltr'><em>est</em></span> <span class='ocrx_word' id='word_1_212' title='bbox 1004 2991 1169 3056; x_wconf 88' lang='lat' dir='ltr'><strong>interiisse</strong></span> <span class='ocrx_word' id='word_1_213' title='bbox 1184 2991 1341 3056; x_wconf 91' lang='lat' dir='ltr'><strong>Dinarchi</strong></span> 
     </span>
     <span class='ocr_line' id='line_1_27' title="bbox 217 3087 1343 3179; baseline -0.004 -21"><span class='ocrx_word' id='word_1_214' title='bbox 217 3087 300 3158; x_wconf 86' lang='lat' dir='ltr'><strong>orat.</strong></span> <span class='ocrx_word' id='word_1_215' title='bbox 323 3091 412 3156; x_wconf 89' lang='grc' dir='ltr'><em>κατοί</em></span> <span class='ocrx_word' id='word_1_216' title='bbox 427 3092 570 3157; x_wconf 70' lang='grc' dir='ltr'><em>Πυθέου</em></span> <span class='ocrx_word' id='word_1_217' title='bbox 592 3092 669 3179; x_wconf 85' lang='grc' dir='ltr'><em>περὶ</em></span> <span class='ocrx_word' id='word_1_218' title='bbox 691 3091 756 3156; x_wconf 73' lang='grc' dir='ltr'><em>τῶν</em></span> <span class='ocrx_word' id='word_1_219' title='bbox 779 3092 869 3155; x_wconf 87' lang='grc' dir='ltr'><em>κατοί</em></span> <span class='ocrx_word' id='word_1_220' title='bbox 892 3088 931 3155; x_wconf 89' lang='grc' dir='ltr'><em>τό</em></span> <span class='ocrx_word' id='word_1_221' title='bbox 954 3087 1115 3177; x_wconf 85' lang='grc' dir='ltr'><em>ἐμπόριον</em></span> <span class='ocrx_word' id='word_1_222' title='bbox 1131 3090 1343 3178; x_wconf 83' lang='grc' dir='ltr'><em>εἰσαγγελία,</em></span> 
     </span>
     <span class='ocr_line' id='line_1_28' title="bbox 216 3193 1341 3280; baseline 0.003 -22"><span class='ocrx_word' id='word_1_223' title='bbox 216 3193 298 3260; x_wconf 85' lang='lat' dir='ltr'><strong>haec</strong></span> <span class='ocrx_word' id='word_1_224' title='bbox 325 3195 473 3280; x_wconf 87' lang='lat' dir='ltr'><strong>profecto</strong></span> <span class='ocrx_word' id='word_1_225' title='bbox 506 3194 698 3260; x_wconf 89' lang='lat' dir='ltr'><strong>accenderet</strong></span> <span class='ocrx_word' id='word_1_226' title='bbox 737 3194 864 3258; x_wconf 89' lang='lat' dir='ltr'><strong>difficili</strong></span> <span class='ocrx_word' id='word_1_227' title='bbox 899 3194 975 3258; x_wconf 91' lang='lat' dir='ltr'><strong>huic</strong></span> <span class='ocrx_word' id='word_1_228' title='bbox 1009 3197 1192 3276; x_wconf 88' lang='lat' dir='ltr'><strong>quaestioni</strong></span> <span class='ocrx_word' id='word_1_229' title='bbox 1224 3217 1341 3261; x_wconf 85' lang='lat' dir='ltr'><strong>novam</strong></span> 
     </span>
     <span class='ocr_line' id='line_1_29' title="bbox 216 3294 1341 3381; baseline 0 -19"><span class='ocrx_word' id='word_1_230' title='bbox 216 3297 339 3379; x_wconf 79' lang='lat' dir='ltr'><strong>lucem3</strong></span> <span class='ocrx_word' id='word_1_231' title='bbox 370 3297 514 3381; x_wconf 91' lang='lat' dir='ltr'><strong>ejusdem</strong></span> <span class='ocrx_word' id='word_1_232' title='bbox 544 3296 633 3360; x_wconf 83' lang='grc' dir='ltr'><em>κατοί</em></span> <span class='ocrx_word' id='word_1_233' title='bbox 666 3297 928 3372; x_wconf 74' lang='grc' dir='ltr'><em>Καλλισθένους</em></span> <span class='ocrx_word' id='word_1_234' title='bbox 956 3294 1175 3381; x_wconf 76' lang='grc' dir='ltr'><em>εἰσαγγελίαν</em></span> <span class='ocrx_word' id='word_1_235' title='bbox 1204 3300 1246 3363; x_wconf 90' lang='lat' dir='ltr'><em>ad</em></span> <span class='ocrx_word' id='word_1_236' title='bbox 1272 3319 1341 3364; x_wconf 88' lang='lat' dir='ltr'><em>rem</em></span> 
     </span>
     <span class='ocr_line' id='line_1_30' title="bbox 215 3399 1242 3484; baseline 0.001 -21"><span class='ocrx_word' id='word_1_237' title='bbox 215 3399 465 3465; x_wconf 88' lang='lat' dir='ltr'><strong>frumentarium</strong></span> <span class='ocrx_word' id='word_1_238' title='bbox 488 3399 685 3482; x_wconf 84' lang='lat' dir='ltr'><strong>pertinuisse</strong></span> <span class='ocrx_word' id='word_1_239' title='bbox 707 3401 891 3465; x_wconf 89' lang='lat' dir='ltr'><strong>luculenter</strong></span> <span class='ocrx_word' id='word_1_240' title='bbox 912 3400 1029 3464; x_wconf 89' lang='lat' dir='ltr'><strong>docent</strong></span> <span class='ocrx_word' id='word_1_241' title='bbox 1050 3399 1242 3484; x_wconf 87' lang='lat' dir='ltr'><strong>fragmenta.</strong></span> 
     </span>
     <span class='ocr_line' id='line_1_31' title="bbox 301 3501 1342 3587; baseline 0.003 -22"><span class='ocrx_word' id='word_1_242' title='bbox 301 3502 456 3567; x_wconf 86' lang='lat' dir='ltr'><strong>Homines</strong></span> <span class='ocrx_word' id='word_1_243' title='bbox 480 3501 567 3564; x_wconf 87' lang='lat' dir='ltr'><strong>docti</strong></span> <span class='ocrx_word' id='word_1_244' title='bbox 589 3501 688 3566; x_wconf 90' lang='lat' dir='ltr'><strong>etiam</strong></span> <span class='ocrx_word' id='word_1_245' title='bbox 710 3503 744 3566; x_wconf 89' lang='lat' dir='ltr'><strong>in</strong></span> <span class='ocrx_word' id='word_1_246' title='bbox 766 3503 833 3567; x_wconf 91' lang='lat' dir='ltr'><strong>alia</strong></span> <span class='ocrx_word' id='word_1_247' title='bbox 854 3503 1000 3585; x_wconf 89' lang='lat' dir='ltr'><strong>crimina,</strong></span> <span class='ocrx_word' id='word_1_248' title='bbox 1024 3524 1122 3584; x_wconf 85' lang='lat' dir='ltr'><strong>quam</strong></span> <span class='ocrx_word' id='word_1_249' title='bbox 1139 3524 1222 3586; x_wconf 87' lang='lat' dir='ltr'><strong>quae</strong></span> <span class='ocrx_word' id='word_1_250' title='bbox 1234 3503 1342 3587; x_wconf 88' lang='lat' dir='ltr'><strong>attuli,</strong></span> 
     </span>
     <span class='ocr_line' id='line_1_32' title="bbox 216 3601 1340 3691; baseline 0.003 -23"><span class='ocrx_word' id='word_1_251' title='bbox 216 3601 430 3691; x_wconf 83' lang='grc' dir='ltr'><em>εἰσαγγελίας</em></span> <span class='ocrx_word' id='word_1_252' title='bbox 466 3603 636 3668; x_wconf 88' lang='lat' dir='ltr'><strong>institutas</strong></span> <span class='ocrx_word' id='word_1_253' title='bbox 665 3625 734 3669; x_wconf 88' lang='lat' dir='ltr'><strong>esse</strong></span> <span class='ocrx_word' id='word_1_254' title='bbox 763 3611 892 3690; x_wconf 87' lang='lat' dir='ltr'><strong>putant.</strong></span> <span class='ocrx_word' id='word_1_255' title='bbox 947 3603 1092 3670; x_wconf 86' lang='lat' dir='ltr'><strong>Schoem.</strong></span> <span class='ocrx_word' id='word_1_256' title='bbox 1127 3605 1148 3671; x_wconf 92' lang='lat' dir='ltr'><em>l.</em></span> <span class='ocrx_word' id='word_1_257' title='bbox 1173 3605 1193 3669; x_wconf 92' lang='lat' dir='ltr'><em>l.</em></span> <span class='ocrx_word' id='word_1_258' title='bbox 1224 3630 1255 3690; x_wconf 92' lang='lat' dir='ltr'><em>p.</em></span> <span class='ocrx_word' id='word_1_259' title='bbox 1279 3606 1340 3671; x_wconf 84' lang='lat'><em>186</em></span> 
     </span>
     <span class='ocr_line' id='line_1_33' title="bbox 215 3699 1343 3794; baseline 0.003 -24"><span class='ocrx_word' id='word_1_260' title='bbox 215 3706 346 3772; x_wconf 91' lang='lat' dir='ltr'><strong>eDem.</strong></span> <span class='ocrx_word' id='word_1_261' title='bbox 373 3707 446 3791; x_wconf 90' lang='lat' dir='ltr'><em>XX,</em></span> <span class='ocrx_word' id='word_1_262' title='bbox 476 3707 535 3770; x_wconf 80' lang='lat'><em>121</em></span> <span class='ocrx_word' id='word_1_263' title='bbox 559 3705 655 3772; x_wconf 85' lang='lat' dir='ltr'><strong>affert</strong></span> <span class='ocrx_word' id='word_1_264' title='bbox 678 3699 893 3792; x_wconf 86' lang='grc' dir='ltr'><em>εἰσαγγελίαν</em></span> <span class='ocrx_word' id='word_1_265' title='bbox 913 3704 1030 3794; x_wconf 88' lang='grc' dir='ltr'><em>φόνον,</em></span> <span class='ocrx_word' id='word_1_266' title='bbox 1061 3706 1118 3772; x_wconf 88' lang='lat' dir='ltr'><strong>sed</strong></span> <span class='ocrx_word' id='word_1_267' title='bbox 1140 3709 1270 3792; x_wconf 90' lang='lat' dir='ltr'><strong>spurius</strong></span> <span class='ocrx_word' id='word_1_268' title='bbox 1293 3713 1343 3773; x_wconf 89' lang='lat' dir='ltr'><em>est</em></span> 
     </span>
     <span class='ocr_line' id='line_1_34' title="bbox 216 3805 1342 3894; baseline 0.001 -20"><span class='ocrx_word' id='word_1_269' title='bbox 216 3808 270 3874; x_wconf 91' lang='lat' dir='ltr'><strong>hic</strong></span> <span class='ocrx_word' id='word_1_270' title='bbox 292 3809 398 3891; x_wconf 78' lang='lat' dir='ltr'><strong>locus3</strong></span> <span class='ocrx_word' id='word_1_271' title='bbox 421 3831 439 3874; x_wconf 93' lang='lat' dir='ltr'><strong>e</strong></span> <span class='ocrx_word' id='word_1_272' title='bbox 461 3809 592 3892; x_wconf 86' lang='lat' dir='ltr'><strong>Dionys.</strong></span> <span class='ocrx_word' id='word_1_273' title='bbox 615 3809 720 3874; x_wconf 89' lang='lat' dir='ltr'><strong>Halic.</strong></span> <span class='ocrx_word' id='word_1_274' title='bbox 741 3810 775 3873; x_wconf 88' lang='lat' dir='ltr'><strong>in</strong></span> <span class='ocrx_word' id='word_1_275' title='bbox 787 3810 861 3874; x_wconf 92' lang='lat' dir='ltr'><strong>Din.</strong></span> <span class='ocrx_word' id='word_1_276' title='bbox 880 3816 923 3894; x_wconf 83' lang='lat' dir='ltr'><em>(p.</em></span> <span class='ocrx_word' id='word_1_277' title='bbox 940 3811 1001 3874; x_wconf 83' lang='lat' dir='ltr'><strong>llo·</strong></span> <span class='ocrx_word' id='word_1_278' title='bbox 1014 3809 1114 3894; x_wconf 79' lang='lat' dir='ltr'><strong>sylb.)</strong></span> <span class='ocrx_word' id='word_1_279' title='bbox 1130 3805 1342 3894; x_wconf 87' lang='grc' dir='ltr'><em>εἰσαγγελίαν</em></span> 
     </span>
     <span class='ocr_line' id='line_1_35' title="bbox 215 3907 1341 3997; baseline -0.002 -23"><span class='ocrx_word' id='word_1_280' title='bbox 215 3910 335 3991; x_wconf 82' lang='grc' dir='ltr'><em>ξενίας,</em></span> <span class='ocrx_word' id='word_1_281' title='bbox 358 3912 415 3976; x_wconf 90' lang='lat' dir='ltr'><strong>sed</strong></span> <span class='ocrx_word' id='word_1_282' title='bbox 437 3911 643 3976; x_wconf 87' lang='lat' dir='ltr'><strong>scribendum</strong></span> <span class='ocrx_word' id='word_1_283' title='bbox 662 3910 769 3976; x_wconf 89' lang='lat' dir='ltr'><strong>estibi</strong></span> <span class='ocrx_word' id='word_1_284' title='bbox 787 3913 862 3976; x_wconf 83' lang='grc' dir='ltr'><em>κατ’</em></span> <span class='ocrx_word' id='word_1_285' title='bbox 884 3911 1118 3997; x_wconf 79' lang='grc' dir='ltr'><em>Ἀγασικλέους</em></span> <span class='ocrx_word' id='word_1_286' title='bbox 1137 3907 1341 3995; x_wconf 77' lang='grc' dir='ltr'><em>εἰσαγγελία·</em></span> 
     </span>
     <span class='ocr_line' id='line_1_36' title="bbox 216 4002 1343 4100; baseline -0.002 -22"><span class='ocrx_word' id='word_1_287' title='bbox 216 4007 337 4090; x_wconf 80' lang='grc' dir='ltr'><em>Ξενίας</em></span> <span class='ocrx_word' id='word_1_288' title='bbox 356 4011 478 4081; x_wconf 82' lang='grc' dir='ltr'><em>οόδὲυα</em></span> <span class='ocrx_word' id='word_1_289' title='bbox 503 4010 642 4078; x_wconf 84' lang='grc' dir='ltr'><em>πώποτε</em></span> <span class='ocrx_word' id='word_1_290' title='bbox 674 4002 767 4099; x_wconf 84' lang='grc' dir='ltr'><em>οἶμαι</em></span> <span class='ocrx_word' id='word_1_291' title='bbox 795 4015 835 4080; x_wconf 84' lang='lat' dir='ltr'><em>of.</em></span> <span class='ocrx_word' id='word_1_292' title='bbox 854 4015 939 4079; x_wconf 82' lang='lat' dir='ltr'><strong>Bait.</strong></span> <span class='ocrx_word' id='word_1_293' title='bbox 963 4021 996 4079; x_wconf 91' lang='lat' dir='ltr'><strong>et</strong></span> <span class='ocrx_word' id='word_1_294' title='bbox 1018 4015 1137 4100; x_wconf 88' lang='lat' dir='ltr'><strong>Saupp.</strong></span> <span class='ocrx_word' id='word_1_295' title='bbox 1162 4013 1198 4078; x_wconf 93' lang='grc' dir='ltr'><em>Ο.</em></span> <span class='ocrx_word' id='word_1_296' title='bbox 1221 4015 1289 4078; x_wconf 80' lang='lat' dir='ltr'><em>Au.</em></span> <span class='ocrx_word' id='word_1_297' title='bbox 1311 4013 1343 4076; x_wconf 95' lang='lat' dir='ltr'><em>II</em></span> 
     </span>
     <span class='ocr_line' id='line_1_37' title="bbox 1120 4123 1136 4172; baseline 0 0"><span class='ocrx_word' id='word_1_298' title='bbox 1120 4123 1136 4172; x_wconf 81' lang='lat'><strong><em>5</em></strong></span> 
     </span>
    </p>
   </div>
   <div class='ocr_carea' id='block_1_3' title="bbox 0 0 1600 5002">
    <p class='ocr_par' dir='ltr' id='par_1_3' title="bbox 0 0 1600 5002">
     <span class='ocr_line' id='line_1_38' title="bbox 0 0 1600 5002; baseline 0 0"><span class='ocrx_word' id='word_1_299' title='bbox 0 0 1600 5002; x_wconf 95' lang='lat' dir='ltr'><em> </em></span> 
     </span>
    </p>
   </div>
  </div>
 </body>
</html>
