3190 5002
766 407 978 478 ..γη-

310 578 513 670 βουλεύσεως
540 581 599 648 τοῢ
627 579 787 668 α’ργνρίου
818 585 875 660 τῆς
902 583 995 666 τιμῆς
1017 584 1081 648 τῶν
1103 583 1246 665 κωπέων,
1276 573 1320 649 ὧν
1343 575 1430 662 οινη

311 683 408 758 πόλις
430 686 661 770 παρειληφυῐα
682 669 704 772 ᾖ
727 706 820 769 παρα
812 684 1035 762 Σωπόλιδος
1058 688 1115 749 καὶ
1138 683 1347 752 τῶνοίκείων
1369 689 1432 752 τῶν

311 785 520 861 Σωπόλιδος·
544 775 632 850 εἶναι
656 787 691 850 δὲ
715 808 773 848 και
796 783 1012 870 εἰσαγγελίαν
1031 786 1138 852 αὐτῶν
1154 785 1278 872 εὶςτήμ
1289 786 1430 870 βουλήν,

313 886 476 974 καθάπερ
500 881 560 952 εἰίν
582 911 632 963 τις
654 888 755 978 α’δικῇ
776 890 852 973 περὶ
877 885 919 951 τοι
941 889 976 953 ἐν
1000 891 1071 964 τοῖς
1092 885 1238 974 νεωρίοις
1245 911 1258 971 ,·
1288 890 1430 956 decrevit

310 991 412 1076 igitur
434 997 577 1074 senatus,
600 990 628 1054 si
649 990 814 1055 navalium
837 991 1119 1057 administratores
1136 1013 1201 1056 non
1213 991 1430 1058 inscriberent

310 1094 479 1158 columnae
500 1115 662 1158 remorum
684 1094 837 1178 pretium,
860 1093 958 1175 idque
980 1115 1046 1158 non
1069 1093 1243 1159 deduceret
1266 1095 1305 1158 de
1318 1094 1428 1159 debito

309 1196 417 1261 scriba
438 1195 587 1261 undecim
609 1195 763 1278 virorum,
793 1217 847 1260 eos
870 1196 976 1260 teneri
997 1218 1056 1280 per
1078 1190 1307 1280 εἰσαγγελίαν,
1330 1197 1428 1278 idque

309 1320 374 1363 non
397 1297 444 1362 sic
466 1297 668 1382 simpliciter,
698 1297 755 1361 sed
776 1319 835 1382 per
864 1291 1077 1380 εἰσαγγελίαν
1104 1319 1186 1379 eam,
1217 1320 1300 1380 quae
1321 1300 1428 1364 locum

309 1399 447 1465 haberet
474 1398 533 1464 εὀίν
563 1422 611 1473 τις
640 1396 742 1488 α’δικῇ
771 1400 849 1484 περὶ
872 1399 914 1463 ια’
938 1400 972 1464 ἐν
994 1407 1064 1474 τοῖς
1085 1397 1238 1482 νεωρίοις.
1282 1402 1429 1485 Apparet

308 1501 421 1586 igitur,
451 1501 485 1565 in
507 1502 579 1585 ipso
609 1498 699 1587 νόμῳ
722 1498 957 1586 εἰσαγγελτικῷ
977 1502 1114 1566 crimina
1134 1523 1194 1585 per
1216 1500 1429 1587 εἰσαγγελίαν

306 1604 533 1688 persequenda
553 1602 654 1666 fuisse
677 1599 821 1684 definita,
850 1603 884 1666 in
907 1604 972 1668 alia
993 1609 1101 1668 autem
1123 1603 1259 1668 eandem
1281 1604 1429 1670 adhiberi

308 1728 373 1771 non
386 1706 541 1791 ‘potuisse
564 1705 627 1768 nisi
658 1725 696 1768 ea
718 1703 917 1788 condicione,
946 1712 983 1771 ut
1005 1712 1096 1772 actor
1118 1706 1160 1770 ad
1182 1706 1326 1790 aliquam
1348 1707 1430 1792 legis

309 1814 437 1895 partem
459 1829 530 1872 sese
552 1808 742 1893 applicaret.

392 1908 612 1975 Probumt
562 1915 612 1974 est
640 1931 678 1975 ac
706 1931 834 1994 verum,
873 1909 960 1992 quod
989 1909 1181 1994 Harpocrat
1173 1932 1227 1975 ron
1257 1911 1362 1975 tradit
1392 1912 1432 1977 de

310 2012 473 2077 delatione
504 2037 523 2092 ιγ
551 2016 613 2096 μὲν
642 2011 707 2098 γοιρ
738 2012 790 2076 ε’πι
820 2007 991 2096 δημοσίοις
1019 2009 1205 2094 οίδικημασι
1235 2019 1432 2097 μεγίστοιςί)

309 2115 365 2176 και
387 2111 557 2202 οἷναβολην
578 2114 625 2232 μή
647 2115 887 2199 ἐπιδεχομένοις
910 2115 967 2176 καὶ
990 2109 1043 2200 ἐφ
1066 2115 1115 2188 οἱς
1136 2112 1217 2197 μήτε
1238 2138 1322 2200 αρχιγ
1316 2116 1435 2179 καθ-

310 2216 442 2294 έστηκε,
454 2240 540 2298 μητε
555 2214 653 2299 νόμοι
670 2225 799 2280 κεῖνται
818 2223 887 2288 τοῖς
903 2210 1053 2298 ἄρχουσι,
1064 2212 1190 2278 καθ’(
1160 2211 1217 2290 οιίς
1230 2213 1432 2299 είσιίξοιισιν,

309 2315 398 2382 α’λλοι
427 2314 509 2401 πρὸς
539 2315 603 2396 τήν
629 2314 796 2406 βουλιγν’
772 2343 791 2395 ιγ
817 2315 876 2381 τὸν
904 2313 1058 2398 δῆμον“
1038 2341 1058 2393 ιγ
1082 2340 1193 2396 πρωιη
1226 2318 1433 2394 κατάστασις

311 2417 398 2484 ἐστω
422 2417 505 2506 [ἐστι
527 2418 721 2506 Schoenulc
705 2419 744 2483 ci
766 2419 849 2502 Hyp.
871 2419 891 2482 l.
915 2418 973 2482 l.
959 2417 1017 2482 εοίν
1041 2442 1100 2497 τις,
1122 2443 1218 2506 φησι,
1242 2419 1300 2484 τὸν
1323 2422 1432 2503 δῆμον

310 2518 370 2586 τὸν
391 2519 581 2599 Ἀθηναίων
611 2519 833 2612 καταλύμ-
790 2517 998 2596 -εἰκότως,
1022 2521 1046 2583 ὠ
1068 2519 1187 2607 ἄνδρες
1215 2519 1429 2587 δικασταί·
1409 2549 1431 2601 η

306 2623 373 2709 γαρ
397 2621 537 2702 τοιαύτη
559 2619 657 2688 αἰτία
681 2648 720 2689 ου
712 2621 959 2710 παραδέχεται
972 2647 1035 2688 σκι
1030 2641 1102 2743 ιγιιν
1118 2623 1278 2724 οὐδεμίαν
1292 2620 1431 2700 οὐδενὸς

308 2725 380 2792 οὐδ’
401 2722 611 2808 ὑπωμοσίαν,
634 2723 724 2791 οίλλοί
746 2750 808 2805 την
832 2723 996 2811 ταχίστην
1018 2724 1124 2805 αὐτην
1146 2728 1203 2791 δει
1222 2749 1307 2791 ειναι
1329 2727 1364 2790 ἐν
1383 2729 1429 2816 τῷ

308 2824 524 2917 δικαστηρίω.

390 2929 484 2994 Nunc
507 2951 544 2995 eo
566 2927 824 3014 progrediamur,
847 2935 884 2994 ut
906 2930 1010 3013 legem
1040 2926 1297 3038 είσαγγελτικην
1321 2932 1430 3015 quoad

309 3033 426 3098 licete
448 3037 514 3097 ttes
515 3032 643 3097 imoniis
666 3037 699 3096 et
721 3031 857 3115 singulis
880 3033 1035 3118 exemplis
1057 3033 1294 3118 componamus.

391 3135 483 3214 Quod
504 3133 729 3200 Boehneokius
752 3134 842 3199 Dem.
854 3134 929 3218 Lyo.
945 3135 1028 3219 Hyp.
1039 3135 1097 3219 Ip.
1113 3136 1155 3199 42
1168 3143 1278 3200 monet
1279 3143 1376 3221 ‚part
1378 3159 1429 3203 em

304 3243 434 3302 tantum
456 3237 537 3321 legis
559 3237 716 3302 traditam
739 3242 867 3302 exstare
889 3237 977 3322 apud
995 3238 1208 3322 Hyperidem,
1241 3239 1428 3324 comproba-

304 3345 359 3404 tur
382 3345 414 3404 et
437 3339 510 3403 aliis
534 3340 640 3404 causis
663 3346 696 3404 et
718 3339 823 3405 verbis
854 3339 1050 3422 quibusdam
1072 3340 1152 3423 legis
1182 3341 1216 3405 in
1237 3342 1332 3406 inser.
1355 3365 1427 3408 nau.

304 3441 374 3507 XV.
395 3441 481 3507 XVI.
505 3444 660 3525 servatis;
682 3441 864 3526 Hyperides
887 3463 958 3508 eam
973 3442 1130 3526 usquead
1152 3443 1301 3509 eaverba
1322 3444 1428 3528 affert,

304 3564 387 3627 quae
418 3544 461 3608 ad
490 3565 620 3609 causam
642 3543 887 3629 Euxenippeam
914 3549 1074 3629 spectant,
1105 3544 1144 3609 de
1175 3567 1240 3629 qua
1269 3569 1326 3613 suo
1356 3548 1427 3613 loco

303 3644 469 3728 tractab03
492 3646 560 3710 fere
583 3647 696 3711 eadem
706 3647 843 3711 tradunt
855 3668 871 3710 e
884 3646 1103 3731 Theophrasti
1114 3646 1206 3714 libris
1219 3649 1296 3734 περὶ
1314 3647 1427 3733 νόμων

276 3805 278 3812 .
301 3745 427 3814 Pollux.
450 3748 471 3812 l.
494 3747 515 3812 l.
539 3755 572 3814 et
594 3755 708 3814 auctor
737 3749 798 3814 lex.
828 3749 912 3814 rhet.
936 3748 1089 3815 Cantabr.
1117 3751 1203 3815 inter
1224 3751 1305 3836 legis
1327 3751 1427 3819 verba

371 3986 391 4057 ¹)
409 3985 599 4058 Moschopulos
616 4004 660 4058 op.
679 4003 720 4057 gr.
739 4005 767 4058 p.
786 3990 818 4042 51
837 3986 880 4041 ed.
893 3987 992 4042 Tietz.:
1013 3990 1175 4055 εἰσαγγείλας
1192 3989 1205 4043 ὁ
1226 3994 1278 4041 τῶν
1294 3991 1427 4059 δημοσίων

302 4075 344 4125 καὶ
362 4070 483 4142 μεγάλων
499 4075 625 4144 μιγνυτίς·
646 4077 688 4125 καὶ
706 4077 854 4143 εἰσαγγελία
872 4076 1001 4143 δημοσίου
1020 4077 1093 4141 δίκης
1109 4075 1204 4144 ὄνομα.
