<?xml version="1.0" encoding="UTF-8"?>
<!DOCTYPE html PUBLIC "-//W3C//DTD XHTML 1.0 Transitional//EN"
    "http://www.w3.org/TR/xhtml1/DTD/xhtml1-transitional.dtd">
<html xmlns="http://www.w3.org/1999/xhtml" xml:lang="en" lang="en">
 <head>
  <title>
</title>
<meta http-equiv="Content-Type" content="text/html;charset=utf-8" />
  <meta name='ocr-system' content='tesseract 3.04.00' />
  <meta name='ocr-capabilities' content='ocr_page ocr_carea ocr_par ocr_line ocrx_word'/>
</head>
<body>
  <div class='ocr_page' id='page_1' title='image "./quaestionumhype00hagegoog_0076.png"; bbox 0 0 3190 5002; ppageno 0'>
   <div class='ocr_carea' id='block_1_1' title="bbox 649 335 863 400">
    <p class='ocr_par' dir='ltr' id='par_1_1' title="bbox 649 335 863 400">
     <span class='ocr_line' id='line_1_1' title="bbox 649 335 863 400; baseline 0 -16"><span class='ocrx_word' id='word_1_1' title='bbox 649 335 863 400; x_wconf 72' lang='grc'><strong>...69-</strong></span> 
     </span>
    </p>
   </div>
   <div class='ocr_carea' id='block_1_2' title="bbox 191 503 1320 3555">
    <p class='ocr_par' dir='ltr' id='par_1_2' title="bbox 191 503 1320 3454">
     <span class='ocr_line' id='line_1_2' title="bbox 193 503 1316 592; baseline 0.005 -24"><span class='ocrx_word' id='word_1_2' title='bbox 193 503 236 568; x_wconf 92' lang='lat' dir='ltr'>ad</span> <span class='ocrx_word' id='word_1_3' title='bbox 248 525 301 568; x_wconf 87' lang='lat' dir='ltr'>eas</span> <span class='ocrx_word' id='word_1_4' title='bbox 312 505 413 588; x_wconf 85' lang='lat' dir='ltr'>igitur</span> <span class='ocrx_word' id='word_1_5' title='bbox 426 505 511 570; x_wconf 87' lang='lat' dir='ltr'>solas</span> <span class='ocrx_word' id='word_1_6' title='bbox 527 505 620 570; x_wconf 90' lang='lat' dir='ltr'>illum</span> <span class='ocrx_word' id='word_1_7' title='bbox 636 505 811 589; x_wconf 84' lang='lat' dir='ltr'>Hyperidis</span> <span class='ocrx_word' id='word_1_8' title='bbox 835 508 941 572; x_wconf 90' lang='lat' dir='ltr'>locum</span> <span class='ocrx_word' id='word_1_9' title='bbox 965 507 1176 592; x_wconf 82' lang='lat' dir='ltr'>pertinuisse3</span> <span class='ocrx_word' id='word_1_10' title='bbox 1201 512 1316 576; x_wconf 89' lang='lat' dir='ltr'>contra</span> 
     </span>
     <span class='ocr_line' id='line_1_3' title="bbox 193 602 1315 695; baseline 0.004 -24"><span class='ocrx_word' id='word_1_11' title='bbox 193 627 232 672; x_wconf 89' lang='lat' dir='ltr'>ea</span> <span class='ocrx_word' id='word_1_12' title='bbox 252 607 286 671; x_wconf 90' lang='lat' dir='ltr'>in</span> <span class='ocrx_word' id='word_1_13' title='bbox 315 602 545 692; x_wconf 74' lang='grc' dir='ltr'><em>εἰσαγγελίαις</em></span> <span class='ocrx_word' id='word_1_14' title='bbox 574 608 656 693; x_wconf 76' lang='grc' dir='ltr'><em>προς</em></span> <span class='ocrx_word' id='word_1_15' title='bbox 687 610 749 690; x_wconf 72' lang='grc' dir='ltr'>τήν</span> <span class='ocrx_word' id='word_1_16' title='bbox 770 609 899 692; x_wconf 73' lang='grc' dir='ltr'><em>βουλήν</em></span> <span class='ocrx_word' id='word_1_17' title='bbox 922 603 945 687; x_wconf 74' lang='grc' dir='ltr'><em>ἢ</em></span> <span class='ocrx_word' id='word_1_18' title='bbox 967 611 1027 675; x_wconf 79' lang='grc' dir='ltr'>τόν</span> <span class='ocrx_word' id='word_1_19' title='bbox 1048 610 1157 695; x_wconf 79' lang='grc' dir='ltr'><em>δῆμον</em></span> <span class='ocrx_word' id='word_1_20' title='bbox 1186 633 1315 677; x_wconf 89' lang='lat' dir='ltr'>accusa-</span> 
     </span>
     <span class='ocr_line' id='line_1_4' title="bbox 192 711 1316 797; baseline 0.004 -23"><span class='ocrx_word' id='word_1_21' title='bbox 192 714 306 793; x_wconf 89' lang='lat' dir='ltr'>torem,</span> <span class='ocrx_word' id='word_1_22' title='bbox 329 711 357 775; x_wconf 91' lang='lat' dir='ltr'>si</span> <span class='ocrx_word' id='word_1_23' title='bbox 379 731 420 775; x_wconf 92' lang='lat' dir='ltr'>ne</span> <span class='ocrx_word' id='word_1_24' title='bbox 443 711 591 792; x_wconf 83' lang='lat' dir='ltr'>quintam</span> <span class='ocrx_word' id='word_1_25' title='bbox 622 712 752 794; x_wconf 90' lang='lat' dir='ltr'>quidem</span> <span class='ocrx_word' id='word_1_26' title='bbox 775 712 1003 795; x_wconf 85' lang='lat' dir='ltr'>suffragiorum</span> <span class='ocrx_word' id='word_1_27' title='bbox 1024 718 1151 797; x_wconf 91' lang='lat' dir='ltr'>partem</span> <span class='ocrx_word' id='word_1_28' title='bbox 1174 713 1316 797; x_wconf 85' lang='lat' dir='ltr'>tulisset,</span> 
     </span>
     <span class='ocr_line' id='line_1_5' title="bbox 192 813 1316 899; baseline 0.004 -23"><span class='ocrx_word' id='word_1_29' title='bbox 192 813 375 896; x_wconf 89' lang='lat' dir='ltr'>antiquitus</span> <span class='ocrx_word' id='word_1_30' title='bbox 405 813 536 895; x_wconf 90' lang='lat' dir='ltr'>quidem</span> <span class='ocrx_word' id='word_1_31' title='bbox 558 815 681 897; x_wconf 89' lang='lat' dir='ltr'>majore</span> <span class='ocrx_word' id='word_1_32' title='bbox 703 836 809 899; x_wconf 89' lang='lat' dir='ltr'>poena</span> <span class='ocrx_word' id='word_1_33' title='bbox 830 814 1040 898; x_wconf 88' lang='lat' dir='ltr'>vindicatum,</span> <span class='ocrx_word' id='word_1_34' title='bbox 1069 821 1184 897; x_wconf 90' lang='lat' dir='ltr'>postea</span> <span class='ocrx_word' id='word_1_35' title='bbox 1206 821 1316 882; x_wconf 88' lang='lat' dir='ltr'>autem</span> 
     </span>
     <span class='ocr_line' id='line_1_6' title="bbox 192 915 1315 995; baseline 0.004 -17"><span class='ocrx_word' id='word_1_36' title='bbox 192 915 283 979; x_wconf 90' lang='lat' dir='ltr'>mille</span> <span class='ocrx_word' id='word_1_37' title='bbox 320 921 449 979; x_wconf 91' lang='lat' dir='ltr'>tantum</span> <span class='ocrx_word' id='word_1_38' title='bbox 482 916 645 981; x_wconf 82' lang='lat' dir='ltr'><strong>drachmis</strong></span> <span class='ocrx_word' id='word_1_39' title='bbox 683 917 878 981; x_wconf 86' lang='lat' dir='ltr'>mulctatum</span> <span class='ocrx_word' id='word_1_40' title='bbox 913 938 991 980; x_wconf 91' lang='lat' dir='ltr'>esse.</span> <span class='ocrx_word' id='word_1_41' title='bbox 1037 917 1204 995; x_wconf 82' lang='lat' dir='ltr'>Quaenam</span> <span class='ocrx_word' id='word_1_42' title='bbox 1239 939 1315 983; x_wconf 87' lang='lat' dir='ltr'>vero</span> 
     </span>
     <span class='ocr_line' id='line_1_7' title="bbox 192 1017 1316 1102; baseline 0.003 -20"><span class='ocrx_word' id='word_1_43' title='bbox 192 1017 297 1100; x_wconf 88' lang='lat' dir='ltr'>major</span> <span class='ocrx_word' id='word_1_44' title='bbox 318 1017 376 1082; x_wconf 91' lang='lat' dir='ltr'>illa</span> <span class='ocrx_word' id='word_1_45' title='bbox 399 1017 498 1082; x_wconf 90' lang='lat' dir='ltr'>fuerit</span> <span class='ocrx_word' id='word_1_46' title='bbox 526 1040 632 1100; x_wconf 89' lang='lat' dir='ltr'>poena</span> <span class='ocrx_word' id='word_1_47' title='bbox 654 1019 847 1102; x_wconf 77' lang='lat' dir='ltr'>antiquitus,</span> <span class='ocrx_word' id='word_1_48' title='bbox 878 1017 912 1082; x_wconf 91' lang='lat' dir='ltr'>id</span> <span class='ocrx_word' id='word_1_49' title='bbox 934 1040 1021 1083; x_wconf 89' lang='lat' dir='ltr'>nunc</span> <span class='ocrx_word' id='word_1_50' title='bbox 1044 1019 1172 1084; x_wconf 91' lang='lat' dir='ltr'>demum</span> <span class='ocrx_word' id='word_1_51' title='bbox 1194 1041 1233 1084; x_wconf 81' lang='lat' dir='ltr'>ex</span> <span class='ocrx_word' id='word_1_52' title='bbox 1254 1019 1316 1086; x_wconf 93' lang='lat' dir='ltr'>hoc</span> 
     </span>
     <span class='ocr_line' id='line_1_8' title="bbox 192 1120 1315 1204; baseline 0.002 -20"><span class='ocrx_word' id='word_1_53' title='bbox 192 1120 403 1204; x_wconf 83' lang='lat' dir='ltr'>grammatico</span> <span class='ocrx_word' id='word_1_54' title='bbox 426 1121 595 1204; x_wconf 82' lang='lat' dir='ltr'>discimus3</span> <span class='ocrx_word' id='word_1_55' title='bbox 619 1122 739 1187; x_wconf 88' lang='lat' dir='ltr'>etenim</span> <span class='ocrx_word' id='word_1_56' title='bbox 762 1142 801 1185; x_wconf 88' lang='lat' dir='ltr'>ex</span> <span class='ocrx_word' id='word_1_57' title='bbox 822 1121 883 1186; x_wconf 89' lang='lat' dir='ltr'>hoc</span> <span class='ocrx_word' id='word_1_58' title='bbox 906 1127 1035 1185; x_wconf 86' lang='lat' dir='ltr'>constat</span> <span class='ocrx_word' id='word_1_59' title='bbox 1057 1121 1315 1186; x_wconf 90' lang='lat' dir='ltr'>olimremissum</span> 
     </span>
     <span class='ocr_line' id='line_1_9' title="bbox 192 1220 1317 1308; baseline 0.003 -23"><span class='ocrx_word' id='word_1_60' title='bbox 192 1243 261 1287; x_wconf 89' lang='lat' dir='ltr'>esse</span> <span class='ocrx_word' id='word_1_61' title='bbox 280 1222 427 1303; x_wconf 90' lang='lat' dir='ltr'>judicum</span> <span class='ocrx_word' id='word_1_62' title='bbox 449 1223 596 1307; x_wconf 91' lang='lat' dir='ltr'>arbitrio,</span> <span class='ocrx_word' id='word_1_63' title='bbox 617 1230 656 1289; x_wconf 93' lang='lat' dir='ltr'>ut</span> <span class='ocrx_word' id='word_1_64' title='bbox 678 1226 705 1290; x_wconf 90' lang='lat' dir='ltr'>si</span> <span class='ocrx_word' id='word_1_65' title='bbox 726 1224 798 1307; x_wconf 91' lang='lat' dir='ltr'>quis</span> <span class='ocrx_word' id='word_1_66' title='bbox 821 1226 896 1308; x_wconf 89' lang='lat' dir='ltr'>post</span> <span class='ocrx_word' id='word_1_67' title='bbox 906 1222 1093 1288; x_wconf 88' lang='lat' dir='ltr'>institutam</span> <span class='ocrx_word' id='word_1_68' title='bbox 1106 1220 1317 1307; x_wconf 70' lang='grc' dir='ltr'><em>εἰσαγγελίαν</em></span> 
     </span>
     <span class='ocr_line' id='line_1_10' title="bbox 192 1324 1317 1411; baseline 0.001 -22"><span class='ocrx_word' id='word_1_69' title='bbox 192 1326 341 1408; x_wconf 81' lang='lat' dir='ltr'>quintam</span> <span class='ocrx_word' id='word_1_70' title='bbox 364 1325 592 1410; x_wconf 84' lang='lat' dir='ltr'>suffragiorum</span> <span class='ocrx_word' id='word_1_71' title='bbox 613 1333 741 1410; x_wconf 89' lang='lat' dir='ltr'>partem</span> <span class='ocrx_word' id='word_1_72' title='bbox 759 1348 823 1390; x_wconf 94' lang='lat' dir='ltr'>non</span> <span class='ocrx_word' id='word_1_73' title='bbox 841 1324 983 1408; x_wconf 88' lang='lat' dir='ltr'>tulisset,</span> <span class='ocrx_word' id='word_1_74' title='bbox 1006 1326 1070 1411; x_wconf 89' lang='lat' dir='ltr'>ipsi</span> <span class='ocrx_word' id='word_1_75' title='bbox 1086 1347 1183 1408; x_wconf 91' lang='lat' dir='ltr'>quam</span> <span class='ocrx_word' id='word_1_76' title='bbox 1195 1326 1317 1390; x_wconf 88' lang='lat' dir='ltr'>vellent</span> 
     </span>
     <span class='ocr_line' id='line_1_11' title="bbox 191 1427 1317 1512; baseline 0 -21"><span class='ocrx_word' id='word_1_77' title='bbox 191 1427 242 1491; x_wconf 89' lang='lat' dir='ltr'>vel</span> <span class='ocrx_word' id='word_1_78' title='bbox 265 1447 403 1508; x_wconf 89' lang='lat' dir='ltr'>poenam</span> <span class='ocrx_word' id='word_1_79' title='bbox 425 1429 476 1492; x_wconf 89' lang='lat' dir='ltr'>vel</span> <span class='ocrx_word' id='word_1_80' title='bbox 498 1431 654 1494; x_wconf 91' lang='lat' dir='ltr'>mulctam</span> <span class='ocrx_word' id='word_1_81' title='bbox 677 1431 706 1494; x_wconf 92' lang='lat' dir='ltr'>ei</span> <span class='ocrx_word' id='word_1_82' title='bbox 728 1430 930 1512; x_wconf 79' lang='lat' dir='ltr'>irrogarent3</span> <span class='ocrx_word' id='word_1_83' title='bbox 954 1449 1030 1492; x_wconf 93' lang='lat' dir='ltr'>nam</span> <span class='ocrx_word' id='word_1_84' title='bbox 1052 1428 1093 1492; x_wconf 89' lang='lat' dir='ltr'>ad</span> <span class='ocrx_word' id='word_1_85' title='bbox 1116 1429 1236 1509; x_wconf 81' lang='grc' dir='ltr'><em>τιμῶσι</em></span> <span class='ocrx_word' id='word_1_86' title='bbox 1259 1432 1317 1491; x_wconf 90' lang='lat' dir='ltr'>aut</span> 
     </span>
     <span class='ocr_line' id='line_1_12' title="bbox 192 1516 1315 1617; baseline 0 -24"><span class='ocrx_word' id='word_1_87' title='bbox 192 1529 377 1594; x_wconf 90' lang='lat' dir='ltr'>addendum</span> <span class='ocrx_word' id='word_1_88' title='bbox 408 1536 465 1594; x_wconf 91' lang='lat' dir='ltr'>aut</span> <span class='ocrx_word' id='word_1_89' title='bbox 494 1532 712 1616; x_wconf 89' lang='lat' dir='ltr'>supplendum</span> <span class='ocrx_word' id='word_1_90' title='bbox 742 1537 807 1596; x_wconf 89' lang='lat' dir='ltr'>est:</span> <span class='ocrx_word' id='word_1_91' title='bbox 841 1525 915 1596; x_wconf 79' lang='grc' dir='ltr'>ὅτι</span> <span class='ocrx_word' id='word_1_92' title='bbox 938 1531 1003 1617; x_wconf 71' lang='grc' dir='ltr'>χρὴ</span> <span class='ocrx_word' id='word_1_93' title='bbox 1031 1516 1161 1595; x_wconf 75' lang='grc' dir='ltr'><em>παθεῖν</em></span> <span class='ocrx_word' id='word_1_94' title='bbox 1184 1523 1206 1608; x_wconf 75' lang='grc' dir='ltr'><em>ἢ</em></span> <span class='ocrx_word' id='word_1_95' title='bbox 1227 1526 1315 1593; x_wconf 78' lang='grc' dir='ltr'><em>αἰπο-</em></span> 
     </span>
     <span class='ocr_line' id='line_1_13' title="bbox 192 1629 1316 1716; baseline -0.001 -20"><span class='ocrx_word' id='word_1_96' title='bbox 192 1629 302 1697; x_wconf 68' lang='grc' dir='ltr'><em>τῖσαί.</em></span> <span class='ocrx_word' id='word_1_97' title='bbox 325 1632 487 1696; x_wconf 89' lang='lat' dir='ltr'>Heraldus</span> <span class='ocrx_word' id='word_1_98' title='bbox 500 1633 556 1698; x_wconf 90' lang='grc' dir='ltr'><strong>ΙΙΙ.</strong></span> <span class='ocrx_word' id='word_1_99' title='bbox 580 1656 605 1698; x_wconf 91' lang='lat' dir='ltr'>c.</span> <span class='ocrx_word' id='word_1_100' title='bbox 622 1636 662 1697; x_wconf 85' lang='grc'>14</span> <span class='ocrx_word' id='word_1_101' title='bbox 683 1639 711 1716; x_wconf 68' lang='grc' dir='ltr'>ξ.</span> <span class='ocrx_word' id='word_1_102' title='bbox 734 1633 754 1697; x_wconf 84' lang='grc'>5</span> <span class='ocrx_word' id='word_1_103' title='bbox 776 1632 919 1697; x_wconf 81' lang='lat' dir='ltr'>Pollucis</span> <span class='ocrx_word' id='word_1_104' title='bbox 936 1633 1132 1697; x_wconf 89' lang='lat' dir='ltr'>sententiam</span> <span class='ocrx_word' id='word_1_105' title='bbox 1148 1633 1316 1714; x_wconf 88' lang='lat' dir='ltr'>amplexus</span> 
     </span>
     <span class='ocr_line' id='line_1_14' title="bbox 192 1729 1317 1818; baseline 0.001 -21"><span class='ocrx_word' id='word_1_106' title='bbox 192 1734 253 1798; x_wconf 89' lang='lat' dir='ltr'>hac</span> <span class='ocrx_word' id='word_1_107' title='bbox 276 1755 405 1816; x_wconf 90' lang='lat' dir='ltr'>quoque</span> <span class='ocrx_word' id='word_1_108' title='bbox 427 1734 462 1798; x_wconf 91' lang='lat' dir='ltr'>in</span> <span class='ocrx_word' id='word_1_109' title='bbox 484 1757 519 1799; x_wconf 90' lang='lat' dir='ltr'>re</span> <span class='ocrx_word' id='word_1_110' title='bbox 542 1736 759 1801; x_wconf 86' lang='lat' dir='ltr'>differentiam</span> <span class='ocrx_word' id='word_1_111' title='bbox 781 1757 851 1799; x_wconf 87' lang='lat' dir='ltr'>esse</span> <span class='ocrx_word' id='word_1_112' title='bbox 868 1735 986 1799; x_wconf 75' lang='lat' dir='ltr'>statuit</span> <span class='ocrx_word' id='word_1_113' title='bbox 999 1735 1085 1798; x_wconf 86' lang='lat' dir='ltr'>inter</span> <span class='ocrx_word' id='word_1_114' title='bbox 1101 1729 1317 1818; x_wconf 73' lang='grc' dir='ltr'><strong><em>εἰσαγγελίαν</em></strong></span> 
     </span>
     <span class='ocr_line' id='line_1_15' title="bbox 195 1835 1316 1924; baseline -0.001 -23"><span class='ocrx_word' id='word_1_115' title='bbox 195 1841 228 1901; x_wconf 89' lang='lat' dir='ltr'>et</span> <span class='ocrx_word' id='word_1_116' title='bbox 250 1835 395 1924; x_wconf 79' lang='grc' dir='ltr'><em>γραφήν.</em></span> <span class='ocrx_word' id='word_1_117' title='bbox 426 1835 667 1903; x_wconf 82' lang='lat' dir='ltr'>Sohoemannus</span> <span class='ocrx_word' id='word_1_118' title='bbox 680 1839 719 1902; x_wconf 90' lang='lat' dir='ltr'>de</span> <span class='ocrx_word' id='word_1_119' title='bbox 732 1859 811 1903; x_wconf 88' lang='lat' dir='ltr'>com.</span> <span class='ocrx_word' id='word_1_120' title='bbox 824 1837 942 1901; x_wconf 82' lang='lat' dir='ltr'>Athen.</span> <span class='ocrx_word' id='word_1_121' title='bbox 954 1859 985 1919; x_wconf 90' lang='lat' dir='ltr'>p.</span> <span class='ocrx_word' id='word_1_122' title='bbox 1002 1837 1062 1906; x_wconf 79' lang='lat'>211</span> <span class='ocrx_word' id='word_1_123' title='bbox 1076 1835 1161 1900; x_wconf 89' lang='lat' dir='ltr'>hanc</span> <span class='ocrx_word' id='word_1_124' title='bbox 1174 1835 1316 1901; x_wconf 81' lang='lat' dir='ltr'>Pollucis</span> 
     </span>
     <span class='ocr_line' id='line_1_16' title="bbox 193 1938 1317 2022; baseline -0.001 -19"><span class='ocrx_word' id='word_1_125' title='bbox 193 1938 390 2022; x_wconf 88' lang='lat' dir='ltr'>opinionem,</span> <span class='ocrx_word' id='word_1_126' title='bbox 413 1939 531 2022; x_wconf 91' lang='lat' dir='ltr'>inquit,</span> <span class='ocrx_word' id='word_1_127' title='bbox 562 1963 635 2005; x_wconf 89' lang='lat' dir='ltr'>cum</span> <span class='ocrx_word' id='word_1_128' title='bbox 665 1940 861 2004; x_wconf 85' lang='lat' dir='ltr'>auctoritate</span> <span class='ocrx_word' id='word_1_129' title='bbox 883 1939 981 2022; x_wconf 89' lang='lat' dir='ltr'>plane</span> <span class='ocrx_word' id='word_1_130' title='bbox 1004 1945 1124 2021; x_wconf 91' lang='lat' dir='ltr'>careat,</span> <span class='ocrx_word' id='word_1_131' title='bbox 1154 1938 1317 2022; x_wconf 80' lang='lat' dir='ltr'>tantisper</span> 
     </span>
     <span class='ocr_line' id='line_1_17' title="bbox 192 2040 1316 2125; baseline -0.001 -21"><span class='ocrx_word' id='word_1_132' title='bbox 192 2062 252 2124; x_wconf 91' lang='lat' dir='ltr'>pro</span> <span class='ocrx_word' id='word_1_133' title='bbox 275 2040 360 2104; x_wconf 90' lang='lat' dir='ltr'>falsa</span> <span class='ocrx_word' id='word_1_134' title='bbox 375 2041 496 2106; x_wconf 84' lang='lat' dir='ltr'>habere</span> <span class='ocrx_word' id='word_1_135' title='bbox 507 2041 628 2125; x_wconf 79' lang='lat' dir='ltr'>licebit,</span> <span class='ocrx_word' id='word_1_136' title='bbox 652 2043 755 2106; x_wconf 89' lang='lat' dir='ltr'>donoc</span> <span class='ocrx_word' id='word_1_137' title='bbox 768 2041 894 2105; x_wconf 86' lang='lat' dir='ltr'>idoneis</span> <span class='ocrx_word' id='word_1_138' title='bbox 909 2041 1093 2106; x_wconf 88' lang='lat' dir='ltr'>rationibus</span> <span class='ocrx_word' id='word_1_139' title='bbox 1105 2040 1316 2123; x_wconf 71' lang='lat' dir='ltr'>probabitur,</span> 
     </span>
     <span class='ocr_line' id='line_1_18' title="bbox 193 2142 1318 2228; baseline -0.001 -20"><span class='ocrx_word' id='word_1_140' title='bbox 193 2143 280 2226; x_wconf 91' lang='lat' dir='ltr'>quod</span> <span class='ocrx_word' id='word_1_141' title='bbox 310 2143 461 2226; x_wconf 87' lang='lat' dir='ltr'>equidem</span> <span class='ocrx_word' id='word_1_142' title='bbox 497 2167 665 2228; x_wconf 90' lang='lat' dir='ltr'>nunquam</span> <span class='ocrx_word' id='word_1_143' title='bbox 695 2144 764 2208; x_wconf 85' lang='lat' dir='ltr'>fore</span> <span class='ocrx_word' id='word_1_144' title='bbox 792 2143 1033 2226; x_wconf 85' lang='lat' dir='ltr'>praestiterim&#39;.</span> <span class='ocrx_word' id='word_1_145' title='bbox 1083 2142 1111 2206; x_wconf 84' lang='grc' dir='ltr'>Ε</span> <span class='ocrx_word' id='word_1_146' title='bbox 1142 2143 1255 2207; x_wconf 89' lang='lat' dir='ltr'>Meieri</span> <span class='ocrx_word' id='word_1_147' title='bbox 1285 2148 1318 2207; x_wconf 88' lang='lat' dir='ltr'>et</span> 
     </span>
     <span class='ocr_line' id='line_1_19' title="bbox 193 2241 1318 2332; baseline -0.001 -22"><span class='ocrx_word' id='word_1_148' title='bbox 193 2243 408 2310; x_wconf 89' lang='lat' dir='ltr'>Sohoemanni</span> <span class='ocrx_word' id='word_1_149' title='bbox 430 2248 594 2312; x_wconf 89' lang='lat' dir='ltr'>sententia</span> <span class='ocrx_word' id='word_1_150' title='bbox 604 2246 780 2332; x_wconf 87' lang='lat' dir='ltr'>Hyperidis</span> <span class='ocrx_word' id='word_1_151' title='bbox 805 2241 1003 2328; x_wconf 70' lang='grc' dir='ltr'><em>εἰσαγγελία</em></span> <span class='ocrx_word' id='word_1_152' title='bbox 1027 2245 1061 2309; x_wconf 92' lang='lat' dir='ltr'>in</span> <span class='ocrx_word' id='word_1_153' title='bbox 1072 2245 1318 2330; x_wconf 80' lang='lat' dir='ltr'>Lycophronem</span> 
     </span>
     <span class='ocr_line' id='line_1_20' title="bbox 193 2346 1317 2432; baseline -0.002 -20"><span class='ocrx_word' id='word_1_154' title='bbox 193 2348 234 2412; x_wconf 91' lang='lat' dir='ltr'>ad</span> <span class='ocrx_word' id='word_1_155' title='bbox 262 2348 403 2413; x_wconf 90' lang='lat' dir='ltr'>alterum</span> <span class='ocrx_word' id='word_1_156' title='bbox 432 2370 533 2432; x_wconf 84' lang='lat' dir='ltr'>genus</span> <span class='ocrx_word' id='word_1_157' title='bbox 562 2351 738 2432; x_wconf 83' lang='lat' dir='ltr'>pertinuit,</span> <span class='ocrx_word' id='word_1_158' title='bbox 769 2349 856 2430; x_wconf 91' lang='lat' dir='ltr'>quod</span> <span class='ocrx_word' id='word_1_159' title='bbox 887 2349 957 2431; x_wconf 85' lang='lat' dir='ltr'>jam</span> <span class='ocrx_word' id='word_1_160' title='bbox 985 2347 1246 2429; x_wconf 88' lang='lat' dir='ltr'>commemoravi,</span> <span class='ocrx_word' id='word_1_161' title='bbox 1278 2346 1317 2410; x_wconf 88' lang='lat' dir='ltr'>de</span> 
     </span>
     <span class='ocr_line' id='line_1_21' title="bbox 193 2447 1319 2535; baseline -0.003 -21"><span class='ocrx_word' id='word_1_162' title='bbox 193 2451 280 2514; x_wconf 89' lang='lat' dir='ltr'>mala</span> <span class='ocrx_word' id='word_1_163' title='bbox 302 2456 486 2532; x_wconf 90' lang='lat' dir='ltr'>parentum,</span> <span class='ocrx_word' id='word_1_164' title='bbox 510 2451 724 2535; x_wconf 87' lang='lat' dir='ltr'>epiclerorum</span> <span class='ocrx_word' id='word_1_165' title='bbox 747 2457 779 2515; x_wconf 89' lang='lat' dir='ltr'>et</span> <span class='ocrx_word' id='word_1_166' title='bbox 801 2450 1003 2534; x_wconf 91' lang='lat' dir='ltr'>pupillorum</span> <span class='ocrx_word' id='word_1_167' title='bbox 1024 2450 1231 2514; x_wconf 84' lang='lat' dir='ltr'>tractatione.</span> <span class='ocrx_word' id='word_1_168' title='bbox 1255 2447 1319 2512; x_wconf 86' lang='lat' dir='ltr'>Sed</span> 
     </span>
     <span class='ocr_line' id='line_1_22' title="bbox 192 2551 1318 2636; baseline -0.001 -20"><span class='ocrx_word' id='word_1_169' title='bbox 192 2551 255 2616; x_wconf 90' lang='lat' dir='ltr'>hoc</span> <span class='ocrx_word' id='word_1_170' title='bbox 277 2551 396 2616; x_wconf 87' lang='lat' dir='ltr'>falsum</span> <span class='ocrx_word' id='word_1_171' title='bbox 425 2573 494 2617; x_wconf 88' lang='lat' dir='ltr'>esse</span> <span class='ocrx_word' id='word_1_172' title='bbox 525 2553 676 2618; x_wconf 90' lang='lat' dir='ltr'>docemur</span> <span class='ocrx_word' id='word_1_173' title='bbox 706 2553 845 2636; x_wconf 84' lang='lat' dir='ltr'>repertis</span> <span class='ocrx_word' id='word_1_174' title='bbox 876 2551 1130 2635; x_wconf 86' lang='lat' dir='ltr'>Lycophroncae</span> <span class='ocrx_word' id='word_1_175' title='bbox 1160 2551 1318 2617; x_wconf 87' lang='lat' dir='ltr'>orationis</span> 
     </span>
     <span class='ocr_line' id='line_1_23' title="bbox 194 2651 1319 2740; baseline 0 -23"><span class='ocrx_word' id='word_1_176' title='bbox 194 2653 404 2738; x_wconf 80' lang='lat' dir='ltr'>fragmentis3</span> <span class='ocrx_word' id='word_1_177' title='bbox 436 2661 606 2720; x_wconf 85' lang='lat' dir='ltr'>accusatus</span> <span class='ocrx_word' id='word_1_178' title='bbox 636 2661 686 2719; x_wconf 90' lang='lat' dir='ltr'>est</span> <span class='ocrx_word' id='word_1_179' title='bbox 709 2654 902 2740; x_wconf 88' lang='lat' dir='ltr'>Lycophron</span> <span class='ocrx_word' id='word_1_180' title='bbox 926 2651 1037 2738; x_wconf 79' lang='grc' dir='ltr'><em>δήμου</em></span> <span class='ocrx_word' id='word_1_181' title='bbox 1061 2651 1277 2727; x_wconf 77' lang='grc' dir='ltr'><em>καταλύσεως</em></span> <span class='ocrx_word' id='word_1_182' title='bbox 1299 2674 1319 2717; x_wconf 91' lang='lat' dir='ltr'>a</span> 
     </span>
     <span class='ocr_line' id='line_1_24' title="bbox 193 2755 1318 2840; baseline 0 -20"><span class='ocrx_word' id='word_1_183' title='bbox 193 2755 342 2840; x_wconf 83' lang='lat' dir='ltr'>Lycurgo</span> <span class='ocrx_word' id='word_1_184' title='bbox 371 2762 404 2821; x_wconf 88' lang='lat' dir='ltr'>et</span> <span class='ocrx_word' id='word_1_185' title='bbox 425 2755 476 2822; x_wconf 91' lang='lat' dir='ltr'>bis</span> <span class='ocrx_word' id='word_1_186' title='bbox 507 2758 682 2840; x_wconf 82' lang='lat' dir='ltr'>exprobrat</span> <span class='ocrx_word' id='word_1_187' title='bbox 710 2756 902 2838; x_wconf 86' lang='lat' dir='ltr'>accusatori,</span> <span class='ocrx_word' id='word_1_188' title='bbox 933 2755 1027 2818; x_wconf 90' lang='lat' dir='ltr'>illum</span> <span class='ocrx_word' id='word_1_189' title='bbox 1054 2755 1115 2821; x_wconf 90' lang='lat' dir='ltr'>hoc</span> <span class='ocrx_word' id='word_1_190' title='bbox 1144 2755 1318 2820; x_wconf 89' lang='lat' dir='ltr'>delationis</span> 
     </span>
     <span class='ocr_line' id='line_1_25' title="bbox 195 2857 1320 2944; baseline -0.002 -22"><span class='ocrx_word' id='word_1_191' title='bbox 195 2879 312 2942; x_wconf 87' lang='lat' dir='ltr'>genere</span> <span class='ocrx_word' id='word_1_192' title='bbox 334 2881 428 2924; x_wconf 91' lang='lat' dir='ltr'>usum</span> <span class='ocrx_word' id='word_1_193' title='bbox 452 2881 531 2943; x_wconf 88' lang='lat' dir='ltr'>esse,</span> <span class='ocrx_word' id='word_1_194' title='bbox 561 2861 647 2944; x_wconf 90' lang='lat' dir='ltr'>quod</span> <span class='ocrx_word' id='word_1_195' title='bbox 670 2860 762 2924; x_wconf 89' lang='lat' dir='ltr'>nulla</span> <span class='ocrx_word' id='word_1_196' title='bbox 784 2859 912 2924; x_wconf 86' lang='lat' dir='ltr'>ratione</span> <span class='ocrx_word' id='word_1_197' title='bbox 934 2878 1072 2942; x_wconf 90' lang='lat' dir='ltr'>poenam</span> <span class='ocrx_word' id='word_1_198' title='bbox 1102 2857 1180 2923; x_wconf 87' lang='lat' dir='ltr'>dare</span> <span class='ocrx_word' id='word_1_199' title='bbox 1208 2862 1320 2943; x_wconf 87' lang='lat' dir='ltr'>posset</span> 
     </span>
     <span class='ocr_line' id='line_1_26' title="bbox 195 2947 1318 3047; baseline -0.001 -24"><span class='ocrx_word' id='word_1_200' title='bbox 195 2982 222 3027; x_wconf 86' lang='lat' dir='ltr'>c.</span> <span class='ocrx_word' id='word_1_201' title='bbox 254 2962 283 3043; x_wconf 82' lang='lat'>7,</span> <span class='ocrx_word' id='word_1_202' title='bbox 311 2961 347 3024; x_wconf 82' lang='lat'>4:</span> <span class='ocrx_word' id='word_1_203' title='bbox 383 2963 417 3025; x_wconf 85' lang='grc' dir='ltr'>οἱ</span> <span class='ocrx_word' id='word_1_204' title='bbox 445 2966 508 3046; x_wconf 79' lang='grc' dir='ltr'>μὲν</span> <span class='ocrx_word' id='word_1_205' title='bbox 540 2961 606 3047; x_wconf 70' lang='grc' dir='ltr'>γάρ</span> <span class='ocrx_word' id='word_1_206' title='bbox 637 2961 693 3030; x_wconf 79' lang='grc' dir='ltr'><em>δνσὶ</em></span> <span class='ocrx_word' id='word_1_207' title='bbox 726 2959 763 3027; x_wconf 79' lang='grc' dir='ltr'>τό</span> <span class='ocrx_word' id='word_1_208' title='bbox 794 2958 976 3025; x_wconf 76' lang='grc' dir='ltr'><em>ἀκίνδυνον</em></span> <span class='ocrx_word' id='word_1_209' title='bbox 1005 2958 1121 3035; x_wconf 79' lang='grc' dir='ltr'><em>αὐτοῖς</em></span> <span class='ocrx_word' id='word_1_210' title='bbox 1150 2947 1234 3024; x_wconf 67' lang='grc' dir='ltr'><em>εἶναι</em></span> <span class='ocrx_word' id='word_1_211' title='bbox 1258 2955 1318 3023; x_wconf 81' lang='grc' dir='ltr'>τὸν</span> 
     </span>
     <span class='ocr_line' id='line_1_27' title="bbox 199 3056 1320 3152; baseline -0.003 -26"><span class='ocrx_word' id='word_1_212' title='bbox 199 3060 311 3144; x_wconf 74' lang='grc' dir='ltr'><em>ἀγῶνα</em></span> <span class='ocrx_word' id='word_1_213' title='bbox 334 3067 393 3126; x_wconf 87' lang='lat' dir='ltr'>etc.</span> <span class='ocrx_word' id='word_1_214' title='bbox 418 3085 442 3127; x_wconf 88' lang='lat' dir='ltr'>c.</span> <span class='ocrx_word' id='word_1_215' title='bbox 467 3065 517 3145; x_wconf 85' lang='lat'>10,</span> <span class='ocrx_word' id='word_1_216' title='bbox 542 3065 596 3128; x_wconf 81' lang='lat'>17:</span> <span class='ocrx_word' id='word_1_217' title='bbox 626 3056 681 3128; x_wconf 78' lang='grc' dir='ltr'>ἵνα</span> <span class='ocrx_word' id='word_1_218' title='bbox 712 3065 843 3148; x_wconf 82' lang='grc' dir='ltr'><em>πρῶτον</em></span> <span class='ocrx_word' id='word_1_219' title='bbox 872 3066 933 3145; x_wconf 77' lang='grc' dir='ltr'>μὲν</span> <span class='ocrx_word' id='word_1_220' title='bbox 955 3059 1126 3136; x_wconf 74' lang='grc' dir='ltr'><em>ἀκίνδυνος</em></span> <span class='ocrx_word' id='word_1_221' title='bbox 1148 3058 1250 3152; x_wconf 75' lang='grc' dir='ltr'><em>εἰσίῃς</em></span> <span class='ocrx_word' id='word_1_222' title='bbox 1273 3058 1320 3136; x_wconf 75' lang='grc' dir='ltr'>ἐἰς</span> 
     </span>
     <span class='ocr_line' id='line_1_28' title="bbox 193 3163 1319 3250; baseline -0.003 -21"><span class='ocrx_word' id='word_1_223' title='bbox 193 3163 254 3229; x_wconf 78' lang='grc' dir='ltr'>τόν</span> <span class='ocrx_word' id='word_1_224' title='bbox 276 3165 399 3250; x_wconf 76' lang='grc' dir='ltr'><em>α’γῶνα.</em></span> <span class='ocrx_word' id='word_1_225' title='bbox 445 3164 684 3250; x_wconf 88' lang='lat' dir='ltr'>Comprobatur</span> <span class='ocrx_word' id='word_1_226' title='bbox 711 3166 813 3250; x_wconf 82' lang='lat' dir='ltr'>igitur</span> <span class='ocrx_word' id='word_1_227' title='bbox 844 3169 932 3230; x_wconf 87' lang='lat' dir='ltr'>certo</span> <span class='ocrx_word' id='word_1_228' title='bbox 955 3164 1141 3229; x_wconf 91' lang='lat' dir='ltr'>testimonio</span> <span class='ocrx_word' id='word_1_229' title='bbox 1164 3163 1208 3246; x_wconf 91' lang='lat' dir='ltr'>id,</span> <span class='ocrx_word' id='word_1_230' title='bbox 1232 3164 1319 3246; x_wconf 91' lang='lat' dir='ltr'>qnod</span> 
     </span>
     <span class='ocr_line' id='line_1_29' title="bbox 193 3266 1318 3351; baseline -0.002 -20"><span class='ocrx_word' id='word_1_231' title='bbox 193 3268 310 3333; x_wconf 85' lang='lat' dir='ltr'>Pollux</span> <span class='ocrx_word' id='word_1_232' title='bbox 340 3268 496 3351; x_wconf 75' lang='lat' dir='ltr'>tradidit,</span> <span class='ocrx_word' id='word_1_233' title='bbox 521 3269 691 3351; x_wconf 91' lang='lat' dir='ltr'>quaeritur</span> <span class='ocrx_word' id='word_1_234' title='bbox 721 3289 817 3349; x_wconf 87' lang='lat' dir='ltr'>nuno,</span> <span class='ocrx_word' id='word_1_235' title='bbox 849 3266 979 3350; x_wconf 88' lang='lat' dir='ltr'>quando</span> <span class='ocrx_word' id='word_1_236' title='bbox 1003 3266 1128 3331; x_wconf 90' lang='lat' dir='ltr'>abolita</span> <span class='ocrx_word' id='word_1_237' title='bbox 1157 3266 1200 3330; x_wconf 92' lang='lat' dir='ltr'>sit</span> <span class='ocrx_word' id='word_1_238' title='bbox 1227 3287 1318 3330; x_wconf 91' lang='lat' dir='ltr'>accu-</span> 
     </span>
     <span class='ocr_line' id='line_1_30' title="bbox 196 3370 525 3454; baseline 0 -20"><span class='ocrx_word' id='word_1_239' title='bbox 196 3371 314 3435; x_wconf 89' lang='lat' dir='ltr'>satoris</span> <span class='ocrx_word' id='word_1_240' title='bbox 336 3370 525 3454; x_wconf 89' lang='lat' dir='ltr'>impunitas.</span> 
     </span>
    </p>

    <p class='ocr_par' dir='ltr' id='par_1_3' title="bbox 279 3469 1319 3555">
     <span class='ocr_line' id='line_1_31' title="bbox 279 3469 1319 3555; baseline -0.001 -19"><span class='ocrx_word' id='word_1_241' title='bbox 279 3471 542 3536; x_wconf 84' lang='lat' dir='ltr'>Schneidewinus</span> <span class='ocrx_word' id='word_1_242' title='bbox 565 3473 585 3534; x_wconf 90' lang='lat' dir='ltr'>l.</span> <span class='ocrx_word' id='word_1_243' title='bbox 609 3472 630 3535; x_wconf 90' lang='lat' dir='ltr'>l.</span> <span class='ocrx_word' id='word_1_244' title='bbox 649 3493 679 3554; x_wconf 89' lang='lat' dir='ltr'>p.</span> <span class='ocrx_word' id='word_1_245' title='bbox 695 3472 745 3535; x_wconf 79' lang='lat'>58.</span> <span class='ocrx_word' id='word_1_246' title='bbox 758 3472 799 3535; x_wconf 78' lang='grc'>59</span> <span class='ocrx_word' id='word_1_247' title='bbox 811 3477 887 3554; x_wconf 92' lang='lat' dir='ltr'>post</span> <span class='ocrx_word' id='word_1_248' title='bbox 903 3470 1101 3555; x_wconf 88' lang='lat' dir='ltr'>Hyperidem</span> <span class='ocrx_word' id='word_1_249' title='bbox 1117 3469 1319 3552; x_wconf 89' lang='lat' dir='ltr'>adscriptum</span> 
     </span>
    </p>
   </div>
   <div class='ocr_carea' id='block_1_3' title="bbox 173 3638 1320 3972">
    <p class='ocr_par' dir='ltr' id='par_1_4' title="bbox 173 3638 1320 3972">
     <span class='ocr_line' id='line_1_32' title="bbox 194 3638 1320 3711; baseline -0.004 -17"><span class='ocrx_word' id='word_1_250' title='bbox 194 3647 247 3694; x_wconf 83' lang='grc' dir='ltr'>τῶν</span> <span class='ocrx_word' id='word_1_251' title='bbox 265 3645 357 3708; x_wconf 71' lang='grc' dir='ltr'><em>ἑαυτῆς</em></span> <span class='ocrx_word' id='word_1_252' title='bbox 374 3640 502 3711; x_wconf 66' lang='grc' dir='ltr'><em>πατρῴων</em></span> <span class='ocrx_word' id='word_1_253' title='bbox 521 3646 728 3710; x_wconf 67' lang='grc' dir='ltr'><em>καθισιαγιείογν,</em></span> <span class='ocrx_word' id='word_1_254' title='bbox 748 3642 830 3701; x_wconf 70' lang='grc' dir='ltr'><em>ἄλλως</em></span> <span class='ocrx_word' id='word_1_255' title='bbox 848 3663 875 3692; x_wconf 79' lang='grc' dir='ltr'>τε</span> <span class='ocrx_word' id='word_1_256' title='bbox 894 3646 937 3692; x_wconf 80' lang='grc' dir='ltr'>καὶ</span> <span class='ocrx_word' id='word_1_257' title='bbox 953 3640 1041 3710; x_wconf 80' lang='grc' dir='ltr'><em>μόνοιν</em></span> <span class='ocrx_word' id='word_1_258' title='bbox 1059 3638 1157 3693; x_wconf 75' lang='grc' dir='ltr'>τούτοιν</span> <span class='ocrx_word' id='word_1_259' title='bbox 1175 3643 1228 3690; x_wconf 79' lang='grc' dir='ltr'>τῶν</span> <span class='ocrx_word' id='word_1_260' title='bbox 1243 3643 1320 3693; x_wconf 70' lang='grc' dir='ltr'><em>δικῶν</em></span> 
     </span>
     <span class='ocr_line' id='line_1_33' title="bbox 173 3725 1320 3807; baseline -0.003 -26"><span class='ocrx_word' id='word_1_261' title='bbox 173 3799 176 3807; x_wconf 25' lang='grc' dir='ltr'><strong><em>Δ</em></strong></span> <span class='ocrx_word' id='word_1_262' title='bbox 195 3729 338 3784; x_wconf 72' lang='grc' dir='ltr'><em>ἀκινδύνων</em></span> <span class='ocrx_word' id='word_1_263' title='bbox 357 3737 412 3788; x_wconf 85' lang='grc' dir='ltr'><em>τοῖς</em></span> <span class='ocrx_word' id='word_1_264' title='bbox 431 3725 567 3780; x_wconf 75' lang='grc' dir='ltr'><em>διώκουσιν</em></span> <span class='ocrx_word' id='word_1_265' title='bbox 593 3727 678 3782; x_wconf 76' lang='grc' dir='ltr'><em>οὐσῶν</em></span> <span class='ocrx_word' id='word_1_266' title='bbox 697 3731 738 3780; x_wconf 78' lang='grc' dir='ltr'>καὶ</span> <span class='ocrx_word' id='word_1_267' title='bbox 762 3729 819 3788; x_wconf 73' lang='grc' dir='ltr'>ἐξὸν</span> <span class='ocrx_word' id='word_1_268' title='bbox 836 3731 875 3796; x_wconf 78' lang='grc' dir='ltr'>τῷ</span> <span class='ocrx_word' id='word_1_269' title='bbox 893 3731 1040 3804; x_wconf 65' lang='grc' dir='ltr'><em>βουλομένῳ</em></span> <span class='ocrx_word' id='word_1_270' title='bbox 1059 3732 1171 3796; x_wconf 60' lang='lat' dir='ltr'>(londria</span> <span class='ocrx_word' id='word_1_271' title='bbox 1189 3733 1246 3786; x_wconf 82' lang='grc' dir='ltr'><em>ταῖς</em></span> <span class='ocrx_word' id='word_1_272' title='bbox 1265 3733 1320 3780; x_wconf 51' lang='grc' dir='ltr'>ἔπιέ</span> 
     </span>
     <span class='ocr_line' id='line_1_34' title="bbox 197 3815 1320 3886; baseline -0.002 -18"><span class='ocrx_word' id='word_1_273' title='bbox 197 3816 313 3886; x_wconf 68' lang='grc' dir='ltr'>κλήροιςς</span> <span class='ocrx_word' id='word_1_274' title='bbox 340 3817 399 3869; x_wconf 73' lang='grc' dir='ltr'><em>οὔτε</em></span> <span class='ocrx_word' id='word_1_275' title='bbox 424 3817 475 3884; x_wconf 71' lang='grc' dir='ltr'>γὰρ</span> <span class='ocrx_word' id='word_1_276' title='bbox 498 3820 626 3881; x_wconf 72' lang='grc' dir='ltr'><em>ἐπιτίμιον</em></span> <span class='ocrx_word' id='word_1_277' title='bbox 649 3823 706 3874; x_wconf 84' lang='grc' dir='ltr'><em>ταῖς</em></span> <span class='ocrx_word' id='word_1_278' title='bbox 724 3815 793 3884; x_wconf 75' lang='grc' dir='ltr'>πρός</span> <span class='ocrx_word' id='word_1_279' title='bbox 810 3815 858 3868; x_wconf 74' lang='grc' dir='ltr'>τὸν</span> <span class='ocrx_word' id='word_1_280' title='bbox 883 3815 995 3883; x_wconf 79' lang='grc' dir='ltr'><em>ἄρχοντα</em></span> <span class='ocrx_word' id='word_1_281' title='bbox 1015 3816 1187 3882; x_wconf 72' lang='grc' dir='ltr'><em>εἰσαγγελίσις</em></span> <span class='ocrx_word' id='word_1_282' title='bbox 1206 3817 1320 3882; x_wconf 71' lang='grc' dir='ltr'>ἔπεστιν,</span> 
     </span>
     <span class='ocr_line' id='line_1_35' title="bbox 198 3899 1318 3972; baseline -0.001 -18"><span class='ocrx_word' id='word_1_283' title='bbox 198 3902 251 3956; x_wconf 70' lang='grc' dir='ltr'>οὐδ’</span> <span class='ocrx_word' id='word_1_284' title='bbox 291 3905 335 3955; x_wconf 67' lang='grc' dir='ltr'>ἐὰν</span> <span class='ocrx_word' id='word_1_285' title='bbox 372 3905 506 3972; x_wconf 75' lang='grc' dir='ltr'>μηδεμίαν</span> <span class='ocrx_word' id='word_1_286' title='bbox 541 3905 593 3951; x_wconf 76' lang='grc' dir='ltr'>τῶν</span> <span class='ocrx_word' id='word_1_287' title='bbox 629 3902 726 3970; x_wconf 71' lang='grc' dir='ltr'><em>ψήφων</em></span> <span class='ocrx_word' id='word_1_288' title='bbox 756 3907 780 3954; x_wconf 83' lang='grc' dir='ltr'>οἱ</span> <span class='ocrx_word' id='word_1_289' title='bbox 816 3903 1022 3968; x_wconf 61' lang='grc' dir='ltr'><em>εἰσαγγείλαντος</em></span> <span class='ocrx_word' id='word_1_290' title='bbox 1057 3899 1241 3970; x_wconf 75' lang='grc' dir='ltr'><em>μεταλάβοισιν</em></span> <span class='ocrx_word' id='word_1_291' title='bbox 1268 3907 1318 3955; x_wconf 71' lang='lat' dir='ltr'>etc,</span> 
     </span>
    </p>
   </div>
   <div class='ocr_carea' id='block_1_4' title="bbox 197 3988 501 4054">
    <p class='ocr_par' dir='ltr' id='par_1_5' title="bbox 197 3988 501 4054">
     <span class='ocr_line' id='line_1_36' title="bbox 197 3988 501 4054; baseline 0 -12"><span class='ocrx_word' id='word_1_292' title='bbox 197 3989 276 4044; x_wconf 87' lang='lat' dir='ltr'>Dem.</span> <span class='ocrx_word' id='word_1_293' title='bbox 296 3988 438 4054; x_wconf 88' lang='lat' dir='ltr'>XXXVII,</span> <span class='ocrx_word' id='word_1_294' title='bbox 458 3993 501 4043; x_wconf 84' lang='lat'>46.</span> 
     </span>
    </p>
   </div>
   <div class='ocr_carea' id='block_1_5' title="bbox 0 0 1605 5002">
    <p class='ocr_par' dir='ltr' id='par_1_6' title="bbox 0 0 1605 5002">
     <span class='ocr_line' id='line_1_37' title="bbox 0 0 1605 5002; baseline 0 0"><span class='ocrx_word' id='word_1_295' title='bbox 0 0 1605 5002; x_wconf 95' lang='lat' dir='ltr'> </span> 
     </span>
    </p>
   </div>
  </div>
 </body>
</html>
