3190 5002
596 373 808 440 ...11-

145 545 184 612 τοί
199 537 381 634 ἀφροδίσια
399 544 595 631 καταφερής
609 545 752 612 PsPlut.
767 570 799 634 p.
808 547 870 611 849
879 547 924 630 ὓς
939 551 1055 612 namet
1069 546 1262 614 Idomeneus

142 649 335 732 Hyperidem
358 649 539 736 Glaucippo
566 646 795 736 filio'paterna
817 649 911 716 domo
935 651 1038 734 eyecto
1060 649 1263 733 Myrrhinam

144 754 457 835 sumptuosissimam
478 754 681 820 meretricem
709 754 870 840 recepisse
902 759 935 818 et
964 752 1050 818 hanc
1073 752 1203 836 quidem
1227 753 1262 818 in

146 855 223 920 urbe
246 855 410 939 habuisse,
432 857 593 922 inPiraeo
615 844 937 940 verohristagoram
960 855 1114 921 Eleusine
1126 855 1263 939 Philam,

146 979 241 1056 quam
270 959 396 1042 ingenti
418 960 558 1044 pecunia
580 965 723 1044 emptam
746 959 863 1024 deinde
891 958 1027 1026 liberam
1050 959 1210 1026 dimiserit
1232 966 1265 1026 et
1302 1027 1304 1032 ,

146 1059 371 1143 dispensandis
401 1061 496 1127 rebus
520 1064 705 1129 domesticis
736 1062 993 1146 praefeceritcf.
1016 1062 1068 1127 Ps.
1090 1061 1177 1128 Plut.
1200 1063 1220 1130 lu
1243 1063 1263 1128 l.

142 1162 246 1229 εἴκοσι
256 1166 346 1249 μνῶν
359 1163 619 1252 λυτρωςοίμινος.
651 1164 711 1231 Cui
721 1166 870 1250 ignotum
886 1171 935 1230 est
958 1166 992 1230 iu
1010 1164 1140 1248 Phryne
1155 1164 1265 1230 defen·

145 1264 250 1331 denda
273 1290 370 1350 quam
384 1271 515 1352 procaci
526 1291 604 1334 usus
627 1270 671 1334 sit
693 1268 850 1334 artificio!
873 1268 992 1334 Athen.
1007 1267 1086 1333 XIII
1101 1290 1132 1351 p.
1148 1267 1212 1331 590
1223 1266 1266 1331 E:

141 1363 160 1415 θ’
183 1370 218 1434 δὲ
238 1366 423 1455 Ὑπερείδης
437 1369 666 1457 συναγορεύων
683 1373 723 1460 τῇ
740 1355 877 1460 Φρύνη,
893 1367 937 1446 ὠς
960 1369 1056 1436 οὐδὲν
1070 1365 1145 1449 ἤνυε
1165 1369 1270 1452 λέγων
1352 1391 1353 1396 ’

144 1469 290 1550 ἐπίδοξοί
313 1497 347 1536 τε
372 1461 460 1551 ἦσαν
484 1478 515 1539 οἱ
536 1475 695 1539 δικασταὶ
713 1471 1043 1562 καταψηφιούμενοι,
1065 1471 1271 1556 παραγαγών
1321 1529 1323 1534 .
1360 1531 1363 1536 .

145 1572 250 1655 αὐτην
275 1569 322 1648 τίς
346 1575 536 1662 τοιίμιμανὲς
560 1579 617 1640 καί
634 1573 837 1663 περιρρήξας
850 1577 926 1650 τούς
937 1570 1148 1662 χιτωνίσκους
1160 1573 1268 1658 γυμνοί
1313 1579 1319 1622 ἶ·

145 1701 179 1740 τε
202 1675 248 1740 τοὶ
271 1677 392 1761 στέρνα
414 1678 556 1758 ποιήσας
578 1678 877 1763 τούςὲπιλομικοδς
891 1673 1026 1752 οἴκτους
1040 1677 1075 1740 ἐκ
1093 1676 1150 1756 της
1163 1673 1271 1764 ὅψεως
1307 1693 1310 1697 “

143 1777 246 1855 αὐτῆς
267 1779 525 1870 ἐπερῥητὸριυω
549 1787 636 1863 etc.¹)
653 1781 701 1866 μη
719 1778 897 1846 δυ’νασθαι
918 1782 1025 1872 καλοῖς
1048 1780 1110 1860 ζῆν
1131 1778 1179 1861 μη
1201 1805 1267 1865 μα-

144 1880 258 1947 θόντα
281 1882 325 1946 τοί
350 1883 442 1949 καλοί
465 1885 500 1949 ἐν
521 1886 569 1974 τῷ
589 1884 656 1973 βίῳ
679 1884 809 1970 (fragm.
829 1884 917 1965 209),
940 1883 1070 1948 videtur
1092 1884 1143 1946 lex
1159 1883 1291 1968 luisse„
1352 1911 1354 1916 ·
1418 1885 1454 1904 ”

146 2006 209 2067 qua
231 1984 332 2050 vitam
355 1987 490 2070 degerit.
520 1986 623 2052 Nemo
645 1985 799 2069 probabit
821 1986 906 2050 hanc
929 1984 1122 2050 dissolutam
1145 1992 1178 2050 et
1198 1985 1269 2052 libi-

146 2087 291 2152 dinosam
312 2089 440 2154 vivendi
463 2091 633 2172 rationem,
657 2090 714 2155 sed
730 2097 865 2163 summa¹
878 2088 973 2153 laude
984 2087 1182 2171 Hyperidem
1205 2109 1270 2170 qua

148 2189 246 2256 civem
269 2198 302 2256 et
324 2197 487 2258 oratorem
510 2192 643 2276 dignum
662 2212 731 2257 esse
757 2191 984 2274 unusquisque
1007 2191 1180 2273 concedet3
1204 2212 1270 2256 non

146 2297 216 2356 erat
238 2295 267 2358 ei
288 2296 508 2378 temperantia
530 2302 762 2377 strenuumque
778 2294 921 2358 studium
940 2293 1270 2374 Demosthenissnon

144 2394 334 2477 simplicitas
364 2419 555 2480 morumque
586 2399 720 2464 castitas
743 2397 901 2481 Lycurgi,
929 2401 1039 2466 tamen
1068 2397 1129 2462 viri
1158 2395 1207 2461 illi
1235 2396 1269 2460 iu

59 2581 60 2584 Ἴ
143 2496 212 2562 vita
234 2497 363 2580 privata
385 2505 462 2587 tam,
476 2500 648 2565 dissimiles
671 2502 704 2564 in
727 2499 858 2582 publiea
876 2520 977 2563 unum
998 2498 1149 2581 idemque
1168 2499 1271 2562 secuti

145 2599 328 2682 conjunctis
351 2601 471 2666 viribus
495 2601 750 2683 contenderunt,
782 2607 820 2665 ut
841 2603 921 2666 vitia
947 2602 981 2664 in
1004 2622 1039 2664 re
1061 2599 1194 2684 publica
1215 2597 1270 2664 ad-

116 2693 118 2696 *
148 2703 366 2768 ministranda
395 2705 550 2768 tollerent
579 2709 612 2769 et
634 2705 723 2768 omni
753 2702 848 2768 modo
871 2702 1075 2767 Athenarum
1103 2703 1271 2784 totiusque

145 2804 300 2870 Graeciae
323 2804 509 2871 libertatem
531 2812 712 2872 tuerentur.
756 2805 891 2870 Servata
914 2810 964 2870 est
986 2804 1074 2887 apud
1096 2801 1270 2868 Stobaeum

147 2905 232 2993 (flor.
244 2889 340 2972 ίίΙΙΙ.ι
355 2906 395 2972 16
417 2909 532 2992 fragm.
547 2909 625 2989 205)
646 2908 822 2992 Hyperidis
841 2909 1020 2972 sententia:
1043 2904 1106 2984 τήν
1122 2902 1270 2992 ἀγωνίαν
1328 2991 1331 3000 Α

146 3009 208 3073 τοῦ
230 3008 338 3094 λέγειν
356 3010 463 3089 πέδην
476 3000 562 3076 εἶναι
570 3038 582 3087 ,-
604 3010 659 3075 ille
678 3009 809 3093 quidem
824 3030 990 3096 nunquam
1005 3030 1123 3093 pavore
1136 3008 1271 3074 affectus

147 3117 198 3178 est
212 3134 318 3196 neque
328 3113 529 3196 jactatorest
539 3113 824 3178 insolensreruma
839 3119 1056 3196 segestamm
1075 3113 1103 3177 si
1111 3134 1271 3177 summum

146 3236 309 3298 quemque
326 3218 431 3282 virum
447 3222 480 3280 et
492 3217 754 3300 potentissimum
774 3235 808 3280 se
820 3236 999 3298 aggressun
1014 3235 1083 3280 esse
1097 3213 1271 3298 profitetur

145 3339 192 3382 or.
215 3339 275 3401 pro
297 3318 379 3384 Eux.
403 3341 428 3384 c.
451 3319 501 3384 38.
536 3317 653 3383 Libere
675 3318 803 3382 locutus
826 3322 1004 3408 ustaeque
1027 3316 1074 3382 ab
1091 3315 1271 3382 acerbitate

145 3422 339 3504 temperavit
347 3471 356 3504 ‚
379 3420 425 3504 μή
449 3427 616 3500 σκοπεῖτε,
637 3420 762 3504 inquIt,
785 3413 913 3504 μόνον,
935 3413 966 3484 εί
988 3418 1117 3507 πικρὸς,
1140 3415 1217 3483 ἀλλ’
1241 3412 1272 3482 εἰ

217 3627 239 3694 ¹)
248 3605 412 3681 ’Athenaeus
436 3633 463 3682 et
486 3626 531 3680 Ps.
555 3624 712 3680 Plutarchus
734 3624 754 3678 1.
778 3623 797 3678 l.
822 3624 989 3696 Hyperidem
1013 3625 1154 3679 eivestem
1170 3621 1272 3694 rupisse

145 3713 254 3777 dicunt3
275 3711 351 3765 aliter
363 3711 438 3766 Sext.
457 3712 585 3783 Empiric.
605 3712 665 3766 udv.
679 3710 807 3765 mathem.
826 3710 864 3774 Π,
883 3715 900 3764 4
917 3728 944 3781 ρ.
965 3713 1014 3766 258
1033 3709 1156 3780 (Fabap
1179 3707 1270 3780 Φρύνη

146 3821 194 3870 τε,
214 3797 248 3858 oie
267 3819 359 3868 mucro,
377 3803 430 3852 ἐπεὶ
449 3802 658 3868 συνηγοροῦντος
676 3797 744 3868 αὐτῇ
759 3797 915 3866 Ὗπεριίδου
934 3798 1023 3865 ἔμελλε
1042 3797 1271 3858 καταδικιίζισθαι

145 3888 364 3956 καταρῥηΞαμένη
383 3886 443 3946 τοὺς
457 3893 629 3954 χιτωνίσκους
647 3887 688 3936 καὶ
706 3891 815 3954 γυμνοῖς
828 3881 942 3948 στήθεσι
959 3886 1201 3954 προκυλινδουμένη
1219 3886 1272 3936 τῶν

148 3973 291 4042 δικαστῶν,
310 3973 404 4025 πλεῖον
416 3977 502 4040 ’ίσχυσε
518 3974 562 4026 διὰ
580 3975 610 4026 τί
627 3971 720 4032 κάλλος
732 3971 794 4030 τοὺς
807 3972 935 4030 δικαστὰς
948 3978 1033 4022 πεῖσαι
1045 3974 1093 4036 τῆς
1103 3975 1150 4024 τοῦ
1163 3991 1272 4039 συνηγσ.

146 4064 258 4132 potator
273 4062 412 4133 ῥητορείας
439 4061 472 4116 el.
487 4061 552 4133 quid
565 4061 684 4116 docuerit
692 4061 843 4130 Wagnerus
854 4058 1015 4131 adAlciphr.
1030 4076 1072 4130 ep.
1085 4059 1109 4114 1.
1123 4061 1155 4115 31
1168 4076 1195 4130 p.
1212 4060 1270 4115 179.
