3190 5002
746 373 957 438 ..38-

294 547 520 614 Demosthenis
548 547 666 629 amicos
694 547 930 612 circumeuntes
959 545 1134 630 dictitasse,
1162 545 1424 613 Demosthenem¹

294 651 552 716 adversariorum
575 650 833 715 accusationibus
856 672 892 714 eo
915 649 1065 714 adactum
1088 651 1139 732 iri,
1161 655 1199 714 ut
1212 671 1295 733 quae
1309 652 1413 716 nollet

293 755 327 818 in
349 753 515 837 publicum
537 753 700 838 proferret
722 755 908 836 diceretque
931 773 964 817 se
986 755 1156 838 pecuniam
1178 753 1268 818 illam
1290 755 1411 840 populo

293 861 440 921 mutuam
467 856 593 920 dedisse
622 856 664 920 ad
694 863 842 940 sumptus
871 878 910 920 ex
939 857 1064 920 aerario
1095 855 1268 920 faciendos.
1313 856 1412 940 Cujus

294 958 425 1042 quidem
446 960 494 1023 rei
516 960 668 1041 quoniam
690 981 710 1024 a
731 960 821 1024 nullo
844 961 907 1024 alio
930 961 1087 1044 scriptore
1107 960 1228 1022 mentio
1243 959 1331 1024 facta
1353 967 1412 1043 est,

294 1059 428 1125 difficile
450 1082 519 1126 esse
540 1063 728 1146 conjectura
749 1062 880 1145 assequi
902 1062 949 1126 ait
968 1061 1091 1126 Rabius
1113 1062 1134 1125 l.
1155 1062 1176 1124 l.
1193 1084 1223 1145 p.
1246 1062 1301 1126 10:
1323 1063 1414 1146 ,quid

294 1164 421 1228 consilii
434 1164 468 1227 iu
482 1165 597 1247 viginti
611 1164 677 1229 illis
693 1165 827 1229 talentis
845 1166 878 1229 iu
890 1187 983 1228 usum
998 1185 1198 1229 communem
1210 1164 1414 1231 conferendis

294 1266 528 1331 Demosthenes
551 1273 679 1331 secutus
701 1269 752 1332 sit.
789 1266 872 1331 Nam
896 1269 923 1330 si
943 1287 1088 1349 munera,
1113 1287 1195 1348 quae
1210 1268 1329 1352 populo
1342 1269 1414 1332 dari

293 1368 453 1450 solebant,
475 1368 662 1452 praebenda
685 1389 724 1432 ex
745 1369 784 1433 iis
801 1368 962 1452 censebat,
987 1369 1065 1451 quid
1084 1375 1163 1452 erat,
1188 1369 1274 1452 quod
1290 1392 1414 1435 summa

294 1493 354 1556 ope
377 1471 416 1535 de
443 1469 602 1560 ejusmodi
630 1493 690 1535 usu
712 1473 814 1536 taceri
835 1473 956 1537 vellet?
985 1471 1071 1537 Num
1099 1471 1183 1535 forte
1204 1471 1350 1556 timebat,
1373 1495 1413 1537 ne

293 1575 377 1638 cives
398 1573 593 1656 ignominiae
616 1573 677 1638 sibi
706 1573 819 1639 illatae
841 1575 987 1660 puderet,
1018 1574 1105 1656 quod
1127 1595 1166 1637 ex
1188 1575 1334 1658 pecuniis
1355 1598 1414 1658 per

292 1675 441 1741 fraudem
456 1673 576 1738 ablatis
592 1674 678 1740 dona
688 1678 909 1762 accepissent?
933 1678 983 1741 An
996 1676 1178 1760 Olympiam
1200 1677 1317 1741 itinere
1328 1677 1414 1742 facto

293 1779 342 1843 ita
362 1779 401 1842 iis
424 1798 501 1842 usus
524 1783 605 1861 erat,
635 1784 673 1844 ut
694 1778 889 1845 Nicanorem
912 1781 962 1844 vel
993 1779 1125 1845 comites
1149 1778 1219 1862 ejus
1242 1780 1415 1864 largitione

294 1885 435 1963 caperet,
458 1901 531 1945 cum
553 1879 593 1945 de
616 1881 764 1946 exulibus
786 1882 867 1948 urbo
890 1881 1037 1946 arcendis
1061 1903 1132 1946 cum
1155 1882 1194 1945 iis
1217 1883 1415 1964 colloquere-

293 1983 370 2048 tur?
406 1982 495 2048 Haec
522 1985 630 2048 omnia
658 1990 695 2048 ut
725 1986 853 2050 occulta
881 1991 914 2050 et
942 1985 1036 2068 quasi
1071 1985 1218 2048 involuta
1247 1990 1340 2068 sunt,
1368 1987 1416 2049 ita

293 2085 510 2169 nequicquam
533 2106 687 2151 conamur
709 2088 854 2172 aperire!

377 2186 613 2252 Demosthenes
634 2189 738 2253 victus
762 2210 799 2253 ac
811 2189 838 2252 L
852 2190 985 2254 talentis
1004 2188 1237 2254 condemnatus
1251 2193 1310 2272 est,
1333 2209 1416 2271 quae

294 2313 366 2356 cum
389 2290 513 2354 solvere
528 2291 695 2374 nequiret,
718 2291 753 2355 in
772 2312 934 2355 carcerem
947 2290 1104 2356 deductus
1116 2291 1192 2356 hinc
1207 2292 1290 2356 olam
1305 2291 1415 2356 evasit.

293 2393 379 2459 Plut.
412 2392 468 2456 rit.
506 2389 597 2458 Dem.
633 2415 658 2457 c.
689 2395 744 2458 26:
779 2394 993 2478 παραδοθεὶς
1030 2387 1077 2470 εἰς
1113 2393 1150 2460 ro*
1189 2387 1416 2478 δεσμωτήριον

293 2491 432 2586 αἰσχύνῃ
457 2500 514 2576 τῆς
541 2492 658 2572 αἰτίας
679 2497 768 2583 φασὶ
798 2499 853 2560 καὶ
884 2495 926 2560 δι’
959 2493 1142 2561 ἀσθένειαν
1172 2495 1416 2579 τοῦσώματος,

294 2597 334 2663 οὐ
365 2602 550 2685 δυναμένου
570 2600 686 2686 φέρειν
708 2595 769 2663 τὸν
794 2598 941 2684 εἱργμὸν,
964 2595 1155 2684 donaparat
1177 2599 1255 2673 τους
1275 2603 1335 2682 μὲν
1357 2599 1416 2662 λα-

295 2695 423 2780 θόντα,
445 2703 508 2766 τῶν
532 2705 567 2768 δὲ
588 2701 713 2764 λαθεῖν
738 2697 888 2778 ἐξουσίαν
903 2699 1033 2764 δόντων
1047 2700 1086 2764 cf.
1101 2701 1152 2764 Ps.
1166 2701 1251 2764 Plut.
1261 2723 1292 2783 p.
1306 2701 1367 2764 846
1382 2699 1415 2763 Ο.

293 2802 422 2868 Maxim.
445 2803 537 2867 Plau.
560 2803 659 2866 schol.
682 2802 890 2885 in·Hermog.
913 2803 962 2865 rh.
986 2824 1033 2885 gr.
1056 2803 1085 2866 V
1108 2827 1138 2886 p.
1153 2804 1215 2866 496
1231 2803 1280 2866 W.
1302 2801 1415 2885 Neque

293 2925 368 2968 vero
392 2907 483 2970 exsul
505 2905 648 2989 neglexit
670 2924 722 2966 res
745 2903 955 2986 domesticas3
979 2911 1067 2969 certe
1090 2911 1204 2969 auctor
1218 2905 1344 2988 epistol.
1357 2903 1414 2967 III.

294 3027 367 3070 eum
402 3028 461 3089 per
490 3008 617 3072 litteras
652 3026 711 3090 pro
747 3004 859 3070 liberis
887 3006 1028 3091 Lycurgi
1060 3008 1288 3092 deprecantem
1320 3004 1415 3086 faoit3

294 3109 391 3172 etiam
399 3107 595 3194 Hyperidem
604 3108 715 3173 eadem
728 3107 767 3171 de
779 3128 876 3172 causa
884 3110 1046 3192 egregiam
1055 3111 1234 3174 orationem
1246 3129 1416 3193 perorasse

293 3215 433 3294 constat,
455 3208 535 3296 ὑπὲρ
560 3211 622 3276 τῶν
635 3207 836 3295 Λυκούργου
859 3207 988 3276 παίδων
1011 3210 1050 3276 of.
1074 3211 1126 3275 Ps.
1150 3211 1235 3275 Plut.
1259 3235 1290 3296 p.
1301 3211 1364 3275 842
1376 3210 1415 3274 D.

379 3313 504 3397 Restat,
521 3319 559 3378 ut
570 3315 682 3398 paucis
696 3312 833 3377 debello
846 3309 998 3377 Lamiaco
1010 3334 1178 3397 exponam,
1192 3314 1278 3396 quod
1293 3312 1416 3378 bellum

294 3414 350 3480 diu
373 3417 456 3481 clam
471 3421 624 3501 paratum
644 3415 751 3500 erupit
768 3413 897 3479 demum
908 3415 1094 3482 Alexandro
1115 3422 1254 3481 mortuo.
1297 3415 1414 3500 Perop-

293 3521 433 3600 portune
456 3517 582 3601 cecidit,
613 3517 700 3601 quod
722 3517 767 3581 Vl
788 3517 878 3582 milia
899 3519 1204 3602 mercennariorum,
1235 3519 1292 3601 qui
1312 3517 1415 3603 ipsius

293 3619 473 3689 Alexandri
494 3619 594 3685 ductu
616 3621 649 3684 in
671 3619 750 3684 Asia
770 3621 923 3704 proeliati
935 3641 1072 3702 cumque
1089 3620 1196 3686 coloni
1206 3619 1277 3684 fieri
1288 3620 1416 3685 nollent

295 3722 445 3802 (Pausan.
467 3722 492 3786 I.
515 3721 567 3804 25,
589 3721 634 3809 5.)
657 3743 677 3786 a
698 3743 774 3805 rege
806 3721 930 3786 dimissi
957 3723 992 3785 in
1015 3722 1162 3786 Taenaro
1192 3723 1413 3806 promontorio

292 3830 363 3888 tum
386 3824 609 3889 consederant.
652 3824 719 3890 Hos
741 3824 842 3908 igitur
864 3823 1079 3890 Athenienses
1108 3846 1167 3908 per
1188 3824 1414 3905 Leosthenem,

294 3928 399 3992 virum
409 3948 475 3991 nou
488 3927 595 3992 minus
612 3928 659 3990 rei
670 3925 822 3991 militaris
837 3925 989 4009 peritum,
1003 3947 1101 4009 quam
1112 3926 1239 4011 patriae
1252 3931 1414 3990 amantem

295 4028 442 4095 mercede
471 4028 697 4108 conduxerunt
727 4029 778 4109 (cf.
808 4027 891 4113 Hyp.
920 4050 966 4094 or.
994 4029 1061 4094 suu.
1090 4050 1115 4093 o.
1138 4030 1173 4093 6:
1198 4030 1256 4092 καὶ
1279 4026 1415 4106 ξενικήν
