3190 5002
744 372 955 438 ..58-

290 543 401 628 οίξίοος
420 531 504 612 εἶναι
516 542 663 630 νομίζων
677 545 734 623 τῆς
746 544 888 632 ἐσχάτης
899 542 1060 630 τιμωρίας
1068 573 1080 622 ,·
1102 549 1273 630 praeterea
1283 567 1405 631 argum.

289 651 357 735 huj.
380 673 425 716 or.
449 655 529 715 extr.
560 646 649 715 έοικε
674 652 711 717 δὲ
734 646 752 728 ἡ
777 649 837 714 τοῦ
859 645 960 732 λόγου
981 645 1150 725 ἱπόθεσις
1173 649 1213 740 τῇ
1235 649 1295 714 τοῦ
1317 645 1411 714 κατοί

290 750 507 834 Attalium
530 753 703 819 admodum
714 751 882 838 probabile
894 757 944 816 111
955 757 1090 836 propter
1101 751 1162 817 hoe
1174 753 1406 838 testimonium,

290 858 402 923 rodem
424 857 598 923 delationis
620 878 737 942 genere
758 856 792 921 in
812 861 952 938 utraque
975 875 1073 920 eausa
1094 876 1187 920 usum
1208 877 1277 921 1111
1289 855 1407 940 Lyeur-

289 983 374 1046 gum.
417 960 572 1026 Nissenus
595 960 635 1026 de
653 958 728 1044 Lyc.
751 981 796 1024 or.
819 959 875 1024 vit.
898 963 932 1023 et
952 957 1049 1022 rebus
1071 958 1171 1043 gestis
1192 981 1223 1043 p.
1246 959 1287 1023 68
1310 959 1407 1027 etiam

289 1064 470 1130 orationem
490 1066 524 1129 in
547 1064 706 1149 Lysiolem
728 1063 777 1128 in'
793 1059 993 1148 εἰσαγγελίᾳ
1022 1060 1168 1127 habitam
1190 1082 1259 1126 esse
1281 1063 1408 1145 statuit,

289 1166 346 1232 sed
378 1167 453 1250 jure
498 1167 577 1232 dioit
609 1167 765 1251 Μ1111111,
805 1157 899 1253 posse
940 1165 1038 1230 etiam
1072 1166 1105 1230 in
1143 1161 1307 1240 εὐθύναις
1340 1185 1408 1232 1111

289 1275 484 1357 peroratam.

373 1407 483 1473 Etiam
506 1408 603 1473 duoes
624 1399 882 1490 Atheniensium,
906 1407 962 1488 qui
984 1411 1057 1491 post
1079 1407 1238 1493 proelium
1260 1405 1301 1470 ad
1317 1406 1409 1489 Argi·

288 1532 387 1576 nusae
409 1511 613 1577 commissum
634 1516 778 1575 mortuos
801 1511 884 1573 mari
905 1531 971 1574 non
993 1509 1203 1592 sustulerant,
1224 1530 1283 1592 per
1297 1504 1409 1593 είοαγ-

289 1610 405 1698 γελίαν
425 1614 621 1698 proditionis
651 1615 794 1678 aoeusati
821 1633 891 1677 1111
924 1611 1075 1678 videntur
1097 1610 1136 1674 of.
1158 1609 1307 1693 Xenoph.
1336 1611 1410 1678 hist.

289 1739 335 1802 gr.
358 1717 383 1800 1,
408 1719 436 1782 7.
461 1716 534 1800 Lys.
558 1717 630 1798 XII,
653 1717 704 1781 36.

372 1853 504 1935 Dionys.
517 1853 620 1916 Halia.
636 1852 675 1916 de
688 1853 759 1916 Diu.
779 1852 849 1934 jud.
865 1874 889 1915 o.
909 1852 949 1914 10
970 1851 1066 1914 affert
1080 1849 1237 1914 Dinarchi
1252 1843 1363 1933 είσαγγ
1375 1875 1411 1914 ε·

290 1953 368 2021 λίαν
391 1955 479 2019 κατὰ
501 1950 643 2019 Πιστίου
666 1955 705 2019 11.
728 1953 887 2028 Ρ1.Ρ1111.
910 1977 941 2038 p.
965 1953 1027 2016 843
1048 1953 1092 2034 A3
1121 1973 1160 2016 ea
1189 1951 1327 2017 fortasse
1349 1943 1413 2016 huo

289 2058 433 2144 pertinet
456 2057 717 2139 1111111111.1,·52
738 2056 873 2121 Pistiam
895 2056 983 2119 dieat
1005 2076 1075 2119 1111
1098 2054 1245 2140 πονηρὸν
1263 2055 1317 2118 καὶ
1334 2075 1413 2140 προ-

291 2160 403 2240 δότην.
448 2159 511 2224 Sed
533 2181 584 2223 res
607 2161 780 2242 perspicua
801 2181 866 2222 non
889 2164 947 2222 est.

373 2296 577 2361 Proditiones
600 2295 797 2359 tenebantur
819 2294 917 2363 etiam
939 2294 962 2358 ii
985 2295 1208 2376 imperatores,
1231 2294 1287 2376 qui
1309 2295 1413 2359 socios

289 2403 484 2463 vexaverant
514 2399 565 2462 vel
599 2419 697 2462 naves
727 2419 838 2462 eorum
859 2396 1010 2480 praedati
1037 2400 1131 2459 erant
1152 2395 1203 2460 vel
1225 2396 1413 2481 peculatum

288 2500 442 2565 fecerant.
465 2499 570 2583 Hujus
593 2500 720 2584 generis
741 2506 790 2564 est
812 2499 959 2584 Ergoolis
984 2519 1090 2580 causa,
1113 2497 1186 2581 Lys.
1211 2497 1360 2580 XXVIII,
1380 2499 1413 2562 1:

291 2604 348 2667 καὶ
382 2601 448 2688 γάρ
478 2600 594 2677 πόλεις
624 2602 839 2686 προδεδωκὼς
867 2601 1028 2689 φαίνεται
1059 2603 1115 2664 καὶ
1147 2597 1330 2686 προξένους
1354 2602 1421 2664 καὶ.

289 2693 429 2780 πολίὲος
452 2701 631 2791 ὑμετέρους
653 2701 821 2784 η’δικηκώς
835 2707 892 2767 καὶ
906 2703 939 2766 ἐκ
953 2703 1097 2794 πένητος
1115 2701 1151 2766 ἐκ
1166 2703 1230 2766 τῶν
1244 2699 1412 2789 ὑμετέρων

291 2803 450 2881 πλούσιος
472 2806 691 2890 γεγενημένος
713 2805 752 2869 ef.
775 2809 823 2886 ἐξ.
848 2807 896 2870 12.
922 2805 970 2868 17.

373 2942 463 3008 Dem.
479 2942 566 3025 VIII,
578 2945 632 3010 28:
657 2935 688 3005 εί
700 2940 874 3024 γοὶρζδευνοί
888 2947 977 3006 ποιεῖ
991 2939 1180 3019 Διοπείθης
1194 2942 1253 3004 καὶ
1272 2937 1414 3025 κατάγει

291 3044 334 3109 τοὶ
346 3046 460 3129 πλοῖα,
472 3043 607 3130 μικρὸν,
630 3034 654 3108 ὦ
679 3039 796 3130 ἄνδρες
813 3040 1001 3125 Ἀθηναῖοι,
1012 3042 1127 3128 μικρὸν
1139 3040 1295 3108 πινάκιον
1308 3039 1415 3107 ταῦτα

291 3143 406 3212 πάντα
435 3147 585 3211 κωλῦσαι
616 3143 742 3213 δύναιτ’
776 3137 833 3218 σ’ίν,
857 3147 917 3208 καὶ
947 3145 1099 3231 λέγουσιν
1129 3148 1161 3210 οἱ
1183 3143 1282 3228 νόμοι
1303 3145 1415 3208 ταῦτα

184 3283 185 3286 “
289 3247 368 3324 τούς
390 3248 591 3324 α’δικοῦντας
613 3244 841 3332 εἰσαγγέλλειν
865 3253 924 3312 111.

375 3386 531 3451 Fortasse
553 3385 616 3448 hue
638 3383 761 3447 referre
783 3383 869 3466 licet,
893 3405 991 3466 quam
1014 3383 1184 3466 peculatus
1208 3387 1323 3447 contra
1344 3382 1415 3446 Ari-

288 3489 435 3570 1111111111,
449 3487 624 3568 Philinum,
647 3485 863 3569 Ampelinum,
886 3484 1024 3550 scribam
1036 3483 1330 3551 thesmothetarum
1343 3476 1415 3548 εἰσ-

290 3585 453 3673 αγγελίαν
473 3589 620 3654 instituit
641 3589 679 3669 is,
703 3587 755 3652 oui
767 3591 892 3652 sextam
908 3589 1089 3654 orationem
1105 3587 1236 3670 scripsit
1247 3585 1415 3671 Antiphon

290 3690 336 3754 Vl
365 3695 413 3772 ἐξ.
446 3693 496 3756 21.
519 3690 561 3755 35
594 3695 627 3756 11
656 3710 753 3772 quam
783 3690 894 3756 Isaeus
923 3687 1417 3772 οο11111111111111111,28πάλιν
1473 3697 1483 3720 ⁰

290 3789 501 3879 α’πογραφεὶς
537 3789 582 3868 είς
613 3790 675 3870 τήν
708 3791 832 3879 βουλήν
863 3791 1057 3880 κακουργῶν
1090 3788 1267 3878 ὑποχωρῶν
1295 3789 1417 3875 olyram·

292 3891 502 3982 οἳτιογραφείς
522 3895 713 3978 intelligunt
734 3894 875 3958 Meierus
897 3900 930 3958 et
952 3893 1194 3960 Sohoemannus
1218 3896 1258 3960 de
1280 3896 1328 3960 lit.
1347 3895 1416 3960 Att.

289 4019 321 4080 p.
344 3995 407 4062 254
429 4018 459 4060 n.
482 3997 521 4060 31
546 3991 792 4078 εἰσαγγελθεὶς.
