<?xml version="1.0" encoding="UTF-8"?>
<!DOCTYPE html PUBLIC "-//W3C//DTD XHTML 1.0 Transitional//EN"
    "http://www.w3.org/TR/xhtml1/DTD/xhtml1-transitional.dtd">
<html xmlns="http://www.w3.org/1999/xhtml" xml:lang="en" lang="en">
 <head>
  <title>
</title>
<meta http-equiv="Content-Type" content="text/html;charset=utf-8" />
  <meta name='ocr-system' content='tesseract 3.04.00' />
  <meta name='ocr-capabilities' content='ocr_page ocr_carea ocr_par ocr_line ocrx_word'/>
</head>
<body>
  <div class='ocr_page' id='page_1' title='image "./quaestionumhype00hagegoog_0050.png"; bbox 0 0 3190 5002; ppageno 0'>
   <div class='ocr_carea' id='block_1_1' title="bbox 655 376 867 443">
    <p class='ocr_par' dir='ltr' id='par_1_1' title="bbox 655 376 867 443">
     <span class='ocr_line' id='line_1_1' title="bbox 655 376 867 443; baseline 0 -16"><span class='ocrx_word' id='word_1_1' title='bbox 655 376 867 443; x_wconf 76' lang='grc'>..43-</span> 
     </span>
    </p>
   </div>
   <div class='ocr_carea' id='block_1_2' title="bbox 199 547 1322 1050">
    <p class='ocr_par' dir='ltr' id='par_1_2' title="bbox 199 547 1322 1050">
     <span class='ocr_line' id='line_1_2' title="bbox 201 547 1320 636; baseline -0.002 -17"><span class='ocrx_word' id='word_1_2' title='bbox 201 553 345 619; x_wconf 87' lang='lat' dir='ltr'>vindicat</span> <span class='ocrx_word' id='word_1_3' title='bbox 366 550 558 617; x_wconf 86' lang='lat' dir='ltr'>Schaeferus</span> <span class='ocrx_word' id='word_1_4' title='bbox 579 550 614 614; x_wconf 92' lang='lat' dir='ltr'>in</span> <span class='ocrx_word' id='word_1_5' title='bbox 636 549 750 636; x_wconf 91' lang='lat' dir='ltr'>philol.</span> <span class='ocrx_word' id='word_1_6' title='bbox 763 552 823 615; x_wconf 92' lang='lat' dir='ltr'>vol.</span> <span class='ocrx_word' id='word_1_7' title='bbox 846 549 891 614; x_wconf 90' lang='lat' dir='ltr'>IX</span> <span class='ocrx_word' id='word_1_8' title='bbox 914 573 946 636; x_wconf 91' lang='lat' dir='ltr'>p.</span> <span class='ocrx_word' id='word_1_9' title='bbox 963 548 1023 614; x_wconf 83' lang='lat'>163</span> <span class='ocrx_word' id='word_1_10' title='bbox 1039 571 1109 634; x_wconf 87' lang='lat' dir='ltr'><strong>sqq.</strong></span> <span class='ocrx_word' id='word_1_11' title='bbox 1133 547 1320 618; x_wconf 77' lang='lat' dir='ltr'><strong>Orationem</strong></span> 
     </span>
     <span class='ocr_line' id='line_1_3' title="bbox 200 650 1321 742; baseline -0.001 -21"><span class='ocrx_word' id='word_1_12' title='bbox 200 658 278 742; x_wconf 87' lang='grc' dir='ltr'><strong><em>περὶ</em></strong></span> <span class='ocrx_word' id='word_1_13' title='bbox 308 657 371 721; x_wconf 82' lang='grc' dir='ltr'>τῶν</span> <span class='ocrx_word' id='word_1_14' title='bbox 399 655 482 741; x_wconf 86' lang='grc' dir='ltr'><strong><em>πρὸς</em></strong></span> <span class='ocrx_word' id='word_1_15' title='bbox 511 650 726 740; x_wconf 82' lang='grc' dir='ltr'><strong><em>Ἀλέξανδρον</em></strong></span> <span class='ocrx_word' id='word_1_16' title='bbox 754 654 954 733; x_wconf 75' lang='grc' dir='ltr'><strong><em>συνθηκῶν,</em></strong></span> <span class='ocrx_word' id='word_1_17' title='bbox 983 674 1065 736; x_wconf 89' lang='lat' dir='ltr'>quae</span> <span class='ocrx_word' id='word_1_18' title='bbox 1092 654 1178 719; x_wconf 88' lang='lat' dir='ltr'>inter</span> <span class='ocrx_word' id='word_1_19' title='bbox 1207 655 1321 720; x_wconf 90' lang='lat' dir='ltr'>Demo-</span> 
     </span>
     <span class='ocr_line' id='line_1_4' title="bbox 201 755 1321 842; baseline -0.002 -18"><span class='ocrx_word' id='word_1_20' title='bbox 201 759 365 825; x_wconf 86' lang='lat' dir='ltr'>sthenicas</span> <span class='ocrx_word' id='word_1_21' title='bbox 387 757 624 841; x_wconf 82' lang='lat' dir='ltr'><strong>circumfertur,</strong></span> <span class='ocrx_word' id='word_1_22' title='bbox 646 757 803 842; x_wconf 81' lang='lat' dir='ltr'>Hyperidi</span> <span class='ocrx_word' id='word_1_23' title='bbox 825 755 1004 821; x_wconf 76' lang='lat' dir='ltr'>attribuere</span> <span class='ocrx_word' id='word_1_24' title='bbox 1026 758 1142 822; x_wconf 85' lang='lat' dir='ltr'>maluit</span> <span class='ocrx_word' id='word_1_25' title='bbox 1154 757 1321 840; x_wconf 77' lang='lat' dir='ltr'>Libanum,</span> 
     </span>
     <span class='ocr_line' id='line_1_5' title="bbox 200 859 1321 946; baseline 0 -20"><span class='ocrx_word' id='word_1_26' title='bbox 200 863 293 946; x_wconf 89' lang='lat' dir='ltr'>cujus</span> <span class='ocrx_word' id='word_1_27' title='bbox 323 860 404 926; x_wconf 92' lang='lat' dir='ltr'>haec</span> <span class='ocrx_word' id='word_1_28' title='bbox 432 867 509 926; x_wconf 91' lang='lat' dir='ltr'>sunt</span> <span class='ocrx_word' id='word_1_29' title='bbox 541 859 639 925; x_wconf 88' lang='lat' dir='ltr'>verba</span> <span class='ocrx_word' id='word_1_30' title='bbox 668 861 702 923; x_wconf 93' lang='lat' dir='ltr'>in</span> <span class='ocrx_word' id='word_1_31' title='bbox 724 864 915 944; x_wconf 85' lang='lat' dir='ltr'>argumento</span> <span class='ocrx_word' id='word_1_32' title='bbox 944 860 1085 924; x_wconf 89' lang='lat' dir='ltr'>orationi</span> <span class='ocrx_word' id='word_1_33' title='bbox 1106 860 1196 924; x_wconf 86' lang='lat' dir='ltr'>Dem.</span> <span class='ocrx_word' id='word_1_34' title='bbox 1218 860 1321 926; x_wconf 88' lang='lat' dir='ltr'><strong>XVII.</strong></span> 
     </span>
     <span class='ocr_line' id='line_1_6' title="bbox 199 949 1322 1050; baseline -0.002 -22"><span class='ocrx_word' id='word_1_35' title='bbox 199 963 360 1047; x_wconf 87' lang='lat' dir='ltr'>praefixo:</span> <span class='ocrx_word' id='word_1_36' title='bbox 396 960 414 1029; x_wconf 88' lang='grc' dir='ltr'>ὁ</span> <span class='ocrx_word' id='word_1_37' title='bbox 445 966 481 1030; x_wconf 76' lang='grc' dir='ltr'>δὲ</span> <span class='ocrx_word' id='word_1_38' title='bbox 510 961 611 1048; x_wconf 77' lang='grc' dir='ltr'><strong><em>λόγος</em></strong></span> <span class='ocrx_word' id='word_1_39' title='bbox 631 961 907 1050; x_wconf 70' lang='grc' dir='ltr'><em>ψευδεπίγραφος</em></span> <span class='ocrx_word' id='word_1_40' title='bbox 936 949 1023 1027; x_wconf 81' lang='grc' dir='ltr'><strong><em>εἶναι</em></strong></span> <span class='ocrx_word' id='word_1_41' title='bbox 1053 962 1158 1027; x_wconf 81' lang='grc' dir='ltr'><strong><em>δοκεῖ.</em></strong></span> <span class='ocrx_word' id='word_1_42' title='bbox 1190 961 1228 1027; x_wconf 74' lang='grc' dir='ltr'>συί</span> <span class='ocrx_word' id='word_1_43' title='bbox 1256 962 1322 1049; x_wconf 73' lang='grc' dir='ltr'><strong><em>ησίρ</em></strong></span> 
     </span>
    </p>
   </div>
   <div class='ocr_carea' id='block_1_3' title="bbox 99 1059 1322 1146">
    <p class='ocr_par' dir='ltr' id='par_1_3' title="bbox 99 1059 1322 1146">
     <span class='ocr_line' id='line_1_7' title="bbox 99 1059 1322 1146; baseline -0.002 -14"><span class='ocrx_word' id='word_1_44' title='bbox 99 1103 101 1108; x_wconf 93' lang='grc'><strong><em>·</em></strong></span> <span class='ocrx_word' id='word_1_45' title='bbox 201 1063 292 1132; x_wconf 73' lang='grc' dir='ltr'><strong><em>ἔοικε</em></strong></span> <span class='ocrx_word' id='word_1_46' title='bbox 317 1065 406 1131; x_wconf 81' lang='grc' dir='ltr'><strong><em>κακοί</em></strong></span> <span class='ocrx_word' id='word_1_47' title='bbox 437 1062 498 1144; x_wconf 74' lang='grc' dir='ltr'>την</span> <span class='ocrx_word' id='word_1_48' title='bbox 520 1059 615 1132; x_wconf 86' lang='grc' dir='ltr'>ίδὲαν</span> <span class='ocrx_word' id='word_1_49' title='bbox 637 1075 709 1142; x_wconf 84' lang='grc' dir='ltr'><strong><em>τοῖς</em></strong></span> <span class='ocrx_word' id='word_1_50' title='bbox 738 1063 853 1140; x_wconf 84' lang='grc' dir='ltr'><strong><em>ἄλλοις</em></strong></span> <span class='ocrx_word' id='word_1_51' title='bbox 883 1072 953 1140; x_wconf 82' lang='grc' dir='ltr'><strong><em>τοῖς</em></strong></span> <span class='ocrx_word' id='word_1_52' title='bbox 984 1065 1043 1129; x_wconf 83' lang='grc' dir='ltr'>τοῦ</span> <span class='ocrx_word' id='word_1_53' title='bbox 1065 1064 1322 1146; x_wconf 74' lang='grc' dir='ltr'><strong><em>Λημοσθένους,</em></strong></span> 
     </span>
    </p>
   </div>
   <div class='ocr_carea' id='block_1_4' title="bbox 199 1165 1323 1460">
    <p class='ocr_par' dir='ltr' id='par_1_4' title="bbox 199 1165 1323 1460">
     <span class='ocr_line' id='line_1_8' title="bbox 201 1165 1321 1257; baseline -0.002 -25"><span class='ocrx_word' id='word_1_54' title='bbox 201 1167 294 1235; x_wconf 76' lang='grc' dir='ltr'><strong><em>α’λλσί</em></strong></span> <span class='ocrx_word' id='word_1_55' title='bbox 321 1169 365 1257; x_wconf 79' lang='grc' dir='ltr'>τῷ</span> <span class='ocrx_word' id='word_1_56' title='bbox 394 1165 573 1253; x_wconf 77' lang='grc' dir='ltr'><strong><em>Ὑπερείδου</em></strong></span> <span class='ocrx_word' id='word_1_57' title='bbox 600 1170 789 1255; x_wconf 79' lang='grc' dir='ltr'><em>χαρακτῆρι</em></span> <span class='ocrx_word' id='word_1_58' title='bbox 824 1165 956 1253; x_wconf 83' lang='grc' dir='ltr'><strong><em>μᾶλλον</em></strong></span> <span class='ocrx_word' id='word_1_59' title='bbox 986 1175 1183 1254; x_wconf 80' lang='grc' dir='ltr'><strong><em>προσχωρεῖ,</em></strong></span> <span class='ocrx_word' id='word_1_60' title='bbox 1213 1165 1257 1231; x_wconf 85' lang='grc' dir='ltr'>τοί</span> <span class='ocrx_word' id='word_1_61' title='bbox 1286 1191 1321 1232; x_wconf 84' lang='grc' dir='ltr'>τε</span> 
     </span>
     <span class='ocr_line' id='line_1_9' title="bbox 200 1267 1323 1360; baseline -0.004 -24"><span class='ocrx_word' id='word_1_62' title='bbox 200 1267 290 1337; x_wconf 76' lang='grc' dir='ltr'>ἄλλα</span> <span class='ocrx_word' id='word_1_63' title='bbox 314 1274 374 1336; x_wconf 88' lang='grc' dir='ltr'>καὶ</span> <span class='ocrx_word' id='word_1_64' title='bbox 404 1271 510 1350; x_wconf 82' lang='grc' dir='ltr'><strong><em>λέξεις</em></strong></span> <span class='ocrx_word' id='word_1_65' title='bbox 539 1272 633 1348; x_wconf 81' lang='grc' dir='ltr'><strong><em>τινας</em></strong></span> <span class='ocrx_word' id='word_1_66' title='bbox 656 1270 720 1360; x_wconf 71' lang='grc' dir='ltr'><strong><em>ἔχει</em></strong></span> <span class='ocrx_word' id='word_1_67' title='bbox 740 1269 812 1337; x_wconf 83' lang='grc' dir='ltr'>κατ’</span> <span class='ocrx_word' id='word_1_68' title='bbox 844 1273 972 1338; x_wconf 78' lang='grc' dir='ltr'><strong><em>ἐκεῖνον</em></strong></span> <span class='ocrx_word' id='word_1_69' title='bbox 992 1270 1125 1356; x_wconf 77' lang='grc' dir='ltr'><strong><em>μᾶλλον</em></strong></span> <span class='ocrx_word' id='word_1_70' title='bbox 1146 1267 1323 1357; x_wconf 76' lang='grc' dir='ltr'><em>εἰρημένας</em></span> 
     </span>
     <span class='ocr_line' id='line_1_10' title="bbox 199 1365 1322 1460; baseline -0.004 -20"><span class='ocrx_word' id='word_1_71' title='bbox 199 1371 304 1453; x_wconf 79' lang='grc' dir='ltr'><strong><em>ἢτδν</em></strong></span> <span class='ocrx_word' id='word_1_72' title='bbox 326 1373 562 1457; x_wconf 70' lang='grc' dir='ltr'><strong><em>Δημοσθένην,</em></strong></span> <span class='ocrx_word' id='word_1_73' title='bbox 585 1365 657 1441; x_wconf 82' lang='grc' dir='ltr'><strong><em>οἷον</em></strong></span> <span class='ocrx_word' id='word_1_74' title='bbox 678 1374 876 1450; x_wconf 79' lang='grc' dir='ltr'><strong><em>νεόπλουτος</em></strong></span> <span class='ocrx_word' id='word_1_75' title='bbox 903 1373 947 1460; x_wconf 66' lang='grc' dir='ltr'>(ξ.</span> <span class='ocrx_word' id='word_1_76' title='bbox 970 1374 1034 1455; x_wconf 86' lang='grc'>23.)</span> <span class='ocrx_word' id='word_1_77' title='bbox 1059 1373 1116 1438; x_wconf 85' lang='grc' dir='ltr'>καὶ</span> <span class='ocrx_word' id='word_1_78' title='bbox 1137 1371 1322 1458; x_wconf 78' lang='grc' dir='ltr'><strong><em>βδελυρεύ-</em></strong></span> 
     </span>
    </p>
   </div>
   <div class='ocr_carea' id='block_1_5' title="bbox 89 1475 1324 1561">
    <p class='ocr_par' dir='ltr' id='par_1_5' title="bbox 89 1475 1324 1561">
     <span class='ocr_line' id='line_1_11' title="bbox 89 1475 1324 1561; baseline 0 -21"><span class='ocrx_word' id='word_1_79' title='bbox 89 1527 92 1533; x_wconf 87' lang='grc'>.</span> <span class='ocrx_word' id='word_1_80' title='bbox 201 1497 295 1540; x_wconf 82' lang='grc' dir='ltr'><em>σεται</em></span> <span class='ocrx_word' id='word_1_81' title='bbox 319 1480 360 1556; x_wconf 68' lang='grc' dir='ltr'>(ξ.</span> <span class='ocrx_word' id='word_1_82' title='bbox 385 1477 447 1558; x_wconf 88' lang='grc'><strong>11.)</strong></span> <span class='ocrx_word' id='word_1_83' title='bbox 471 1476 510 1540; x_wconf 88' lang='lat' dir='ltr'>cf.</span> <span class='ocrx_word' id='word_1_84' title='bbox 524 1476 618 1542; x_wconf 91' lang='lat' dir='ltr'>Phot.</span> <span class='ocrx_word' id='word_1_85' title='bbox 633 1476 712 1542; x_wconf 91' lang='lat' dir='ltr'>bibl.</span> <span class='ocrx_word' id='word_1_86' title='bbox 724 1500 755 1560; x_wconf 93' lang='lat' dir='ltr'>p.</span> <span class='ocrx_word' id='word_1_87' title='bbox 774 1479 887 1542; x_wconf 78' lang='lat' dir='ltr'>49l.&#39;a.</span> <span class='ocrx_word' id='word_1_88' title='bbox 905 1479 955 1542; x_wconf 93' lang='grc'>22.</span> <span class='ocrx_word' id='word_1_89' title='bbox 966 1475 1043 1558; x_wconf 84' lang='lat' dir='ltr'><strong>Bk.;</strong></span> <span class='ocrx_word' id='word_1_90' title='bbox 1068 1477 1324 1561; x_wconf 71' lang='grc' dir='ltr'>καταγέλαστος</span> 
     </span>
    </p>
   </div>
   <div class='ocr_carea' id='block_1_6' title="bbox 198 1578 1338 2995">
    <p class='ocr_par' dir='ltr' id='par_1_6' title="bbox 198 1578 1338 2995">
     <span class='ocr_line' id='line_1_12' title="bbox 200 1578 1322 1645; baseline 0 -4"><span class='ocrx_word' id='word_1_91' title='bbox 200 1598 276 1643; x_wconf 86' lang='lat' dir='ltr'>voce</span> <span class='ocrx_word' id='word_1_92' title='bbox 306 1578 558 1644; x_wconf 77' lang='lat' dir='ltr'>Demosthenem</span> <span class='ocrx_word' id='word_1_93' title='bbox 589 1580 754 1645; x_wconf 87' lang='lat' dir='ltr'>abstinere</span> <span class='ocrx_word' id='word_1_94' title='bbox 783 1580 952 1645; x_wconf 83' lang='lat' dir='ltr'>contendit</span> <span class='ocrx_word' id='word_1_95' title='bbox 981 1579 1243 1643; x_wconf 86' lang='lat' dir='ltr'>Schneidewinus</span> <span class='ocrx_word' id='word_1_96' title='bbox 1274 1578 1322 1642; x_wconf 90' lang='lat' dir='ltr'>ed.</span> 
     </span>
     <span class='ocr_line' id='line_1_13' title="bbox 201 1679 1323 1765; baseline -0.001 -21"><span class='ocrx_word' id='word_1_97' title='bbox 201 1679 285 1763; x_wconf 89' lang='lat' dir='ltr'><strong>Hyp.</strong></span> <span class='ocrx_word' id='word_1_98' title='bbox 308 1701 353 1745; x_wconf 90' lang='lat' dir='ltr'>or.</span> <span class='ocrx_word' id='word_1_99' title='bbox 376 1702 437 1764; x_wconf 92' lang='lat' dir='ltr'>pro</span> <span class='ocrx_word' id='word_1_100' title='bbox 459 1681 541 1745; x_wconf 87' lang='lat' dir='ltr'>Eux.</span> <span class='ocrx_word' id='word_1_101' title='bbox 565 1688 598 1746; x_wconf 89' lang='lat' dir='ltr'>et</span> <span class='ocrx_word' id='word_1_102' title='bbox 619 1683 694 1765; x_wconf 91' lang='lat' dir='ltr'><strong>Lyc.</strong></span> <span class='ocrx_word' id='word_1_103' title='bbox 716 1705 748 1765; x_wconf 88' lang='lat' dir='ltr'>p.</span> <span class='ocrx_word' id='word_1_104' title='bbox 771 1684 833 1764; x_wconf 83' lang='grc'>41,</span> <span class='ocrx_word' id='word_1_105' title='bbox 857 1682 914 1747; x_wconf 93' lang='lat' dir='ltr'>sed</span> <span class='ocrx_word' id='word_1_106' title='bbox 936 1682 1043 1746; x_wconf 77' lang='lat' dir='ltr'>cstdn</span> <span class='ocrx_word' id='word_1_107' title='bbox 1065 1681 1154 1746; x_wconf 91' lang='lat' dir='ltr'>Dem.</span> <span class='ocrx_word' id='word_1_108' title='bbox 1178 1703 1223 1745; x_wconf 92' lang='lat' dir='ltr'>or.</span> <span class='ocrx_word' id='word_1_109' title='bbox 1235 1679 1323 1763; x_wconf 85' lang='lat' dir='ltr'>VIII,</span> 
     </span>
     <span class='ocr_line' id='line_1_14' title="bbox 201 1783 1322 1874; baseline 0.001 -28"><span class='ocrx_word' id='word_1_110' title='bbox 201 1783 242 1846; x_wconf 81' lang='lat'>67</span> <span class='ocrx_word' id='word_1_111' title='bbox 265 1784 307 1872; x_wconf 79' lang='grc' dir='ltr'>τῇ</span> <span class='ocrx_word' id='word_1_112' title='bbox 325 1819 369 1831; x_wconf 89' lang='grc'><strong>-</strong></span> <span class='ocrx_word' id='word_1_113' title='bbox 390 1786 587 1874; x_wconf 78' lang='grc' dir='ltr'><em>παρασκευῇ</em></span> <span class='ocrx_word' id='word_1_114' title='bbox 602 1785 868 1867; x_wconf 71' lang='grc' dir='ltr'><strong><em>κοταγέλαστοις</em></strong></span> <span class='ocrx_word' id='word_1_115' title='bbox 889 1806 954 1849; x_wconf 90' lang='lat' dir='ltr'>non</span> <span class='ocrx_word' id='word_1_116' title='bbox 976 1791 1086 1850; x_wconf 87' lang='lat' dir='ltr'>autem</span> <span class='ocrx_word' id='word_1_117' title='bbox 1108 1783 1192 1848; x_wconf 87' lang='lat' dir='ltr'>dixit</span> <span class='ocrx_word' id='word_1_118' title='bbox 1208 1784 1322 1848; x_wconf 91' lang='lat' dir='ltr'>Demo·</span> 
     </span>
     <span class='ocr_line' id='line_1_15' title="bbox 201 1884 1323 1970; baseline 0.001 -22"><span class='ocrx_word' id='word_1_119' title='bbox 201 1884 333 1949; x_wconf 87' lang='lat' dir='ltr'>sthenes</span> <span class='ocrx_word' id='word_1_120' title='bbox 358 1885 617 1969; x_wconf 73' lang='grc' dir='ltr'>καταγέλαστόν</span> <span class='ocrx_word' id='word_1_121' title='bbox 639 1887 707 1950; x_wconf 81' lang='grc' dir='ltr'><strong><em>ἐστι</em></strong></span> <span class='ocrx_word' id='word_1_122' title='bbox 736 1893 795 1966; x_wconf 84' lang='lat' dir='ltr'>(or.</span> <span class='ocrx_word' id='word_1_123' title='bbox 818 1886 921 1970; x_wconf 81' lang='lat' dir='ltr'>XVII,</span> <span class='ocrx_word' id='word_1_124' title='bbox 952 1887 991 1951; x_wconf 83' lang='lat'>15</span> <span class='ocrx_word' id='word_1_125' title='bbox 1014 1886 1053 1952; x_wconf 85' lang='grc' dir='ltr'>τὸ</span> <span class='ocrx_word' id='word_1_126' title='bbox 1076 1886 1113 1951; x_wconf 79' lang='grc' dir='ltr'>δὲ</span> <span class='ocrx_word' id='word_1_127' title='bbox 1135 1886 1323 1970; x_wconf 75' lang='grc' dir='ltr'>καταγελα-</span> 
     </span>
     <span class='ocr_line' id='line_1_16' title="bbox 200 1984 1321 2073; baseline 0.001 -21"><span class='ocrx_word' id='word_1_128' title='bbox 200 1984 394 2069; x_wconf 85' lang='grc' dir='ltr'>στότατον),</span> <span class='ocrx_word' id='word_1_129' title='bbox 422 1987 480 2052; x_wconf 83' lang='lat' dir='ltr'>sed</span> <span class='ocrx_word' id='word_1_130' title='bbox 507 1989 609 2073; x_wconf 80' lang='grc' dir='ltr'><strong><em>γέλως</em></strong></span> <span class='ocrx_word' id='word_1_131' title='bbox 637 1986 707 2053; x_wconf 80' lang='grc' dir='ltr'><strong><em>ε’στί</em></strong></span> <span class='ocrx_word' id='word_1_132' title='bbox 735 1989 774 2052; x_wconf 87' lang='lat' dir='ltr'>cf.</span> <span class='ocrx_word' id='word_1_133' title='bbox 804 1988 859 2071; x_wconf 84' lang='lat' dir='ltr'>IV,</span> <span class='ocrx_word' id='word_1_134' title='bbox 888 1989 938 2052; x_wconf 82' lang='grc'>25.</span> <span class='ocrx_word' id='word_1_135' title='bbox 969 1988 1056 2072; x_wconf 82' lang='lat' dir='ltr'>XIV,</span> <span class='ocrx_word' id='word_1_136' title='bbox 1086 1989 1137 2053; x_wconf 81' lang='grc'>27.</span> <span class='ocrx_word' id='word_1_137' title='bbox 1159 1987 1247 2071; x_wconf 86' lang='lat' dir='ltr'>XIX,</span> <span class='ocrx_word' id='word_1_138' title='bbox 1272 1989 1321 2053; x_wconf 79' lang='grc'>72.</span> 
     </span>
     <span class='ocr_line' id='line_1_17' title="bbox 200 2087 1324 2179; baseline 0 -26"><span class='ocrx_word' id='word_1_139' title='bbox 200 2090 272 2153; x_wconf 87' lang='grc'>232.</span> <span class='ocrx_word' id='word_1_140' title='bbox 302 2087 488 2173; x_wconf 79' lang='grc' dir='ltr'><strong><em>προβόλεον</em></strong></span> <span class='ocrx_word' id='word_1_141' title='bbox 517 2091 709 2156; x_wconf 86' lang='lat' dir='ltr'>vocabulum</span> <span class='ocrx_word' id='word_1_142' title='bbox 737 2114 776 2155; x_wconf 88' lang='lat' dir='ltr'>ex</span> <span class='ocrx_word' id='word_1_143' title='bbox 797 2091 882 2175; x_wconf 84' lang='lat' dir='ltr'>Hyp.</span> <span class='ocrx_word' id='word_1_144' title='bbox 905 2114 950 2156; x_wconf 93' lang='lat' dir='ltr'>or.</span> <span class='ocrx_word' id='word_1_145' title='bbox 980 2100 1055 2175; x_wconf 82' lang='grc' dir='ltr'><strong><em>περὶ</em></strong></span> <span class='ocrx_word' id='word_1_146' title='bbox 1081 2094 1144 2170; x_wconf 78' lang='grc' dir='ltr'>τῆς</span> <span class='ocrx_word' id='word_1_147' title='bbox 1172 2091 1324 2179; x_wconf 81' lang='grc' dir='ltr'><strong><em>φυλακῆς</em></strong></span> 
     </span>
     <span class='ocr_line' id='line_1_18' title="bbox 201 2171 1323 2282; baseline 0.002 -27"><span class='ocrx_word' id='word_1_148' title='bbox 201 2193 265 2256; x_wconf 85' lang='grc' dir='ltr'>τῶν</span> <span class='ocrx_word' id='word_1_149' title='bbox 289 2187 464 2280; x_wconf 73' lang='grc' dir='ltr'>Τυρρηνῶν</span> <span class='ocrx_word' id='word_1_150' title='bbox 485 2171 566 2258; x_wconf 74' lang='lat' dir='ltr'>cita&#39;t</span> <span class='ocrx_word' id='word_1_151' title='bbox 582 2193 822 2276; x_wconf 79' lang='lat' dir='ltr'>Harpocration</span> <span class='ocrx_word' id='word_1_152' title='bbox 844 2194 878 2259; x_wconf 80' lang='grc' dir='ltr'>ἐκ</span> <span class='ocrx_word' id='word_1_153' title='bbox 899 2193 1098 2282; x_wconf 79' lang='grc' dir='ltr'><strong><em>μεταφορᾶς</em></strong></span> <span class='ocrx_word' id='word_1_154' title='bbox 1119 2199 1323 2277; x_wconf 66' lang='grc' dir='ltr'>σεσηρυῖαν,</span> 
     </span>
     <span class='ocr_line' id='line_1_19' title="bbox 200 2293 1323 2381; baseline 0.001 -23"><span class='ocrx_word' id='word_1_155' title='bbox 200 2294 243 2358; x_wconf 89' lang='lat' dir='ltr'>ad</span> <span class='ocrx_word' id='word_1_156' title='bbox 265 2293 353 2376; x_wconf 91' lang='lat' dir='ltr'>quod</span> <span class='ocrx_word' id='word_1_157' title='bbox 382 2315 484 2378; x_wconf 89' lang='lat' dir='ltr'>prope</span> <span class='ocrx_word' id='word_1_158' title='bbox 513 2296 639 2360; x_wconf 88' lang='lat' dir='ltr'>accedit</span> <span class='ocrx_word' id='word_1_159' title='bbox 659 2297 831 2381; x_wconf 76' lang='grc' dir='ltr'>προβολαί</span> <span class='ocrx_word' id='word_1_160' title='bbox 852 2301 881 2378; x_wconf 64' lang='grc' dir='ltr'>ξ.</span> <span class='ocrx_word' id='word_1_161' title='bbox 905 2298 956 2362; x_wconf 86' lang='grc'>25,</span> <span class='ocrx_word' id='word_1_162' title='bbox 1002 2295 1174 2381; x_wconf 82' lang='lat' dir='ltr'>Sauppius,</span> <span class='ocrx_word' id='word_1_163' title='bbox 1198 2296 1254 2378; x_wconf 93' lang='lat' dir='ltr'>qui</span> <span class='ocrx_word' id='word_1_164' title='bbox 1278 2317 1323 2360; x_wconf 91' lang='lat' dir='ltr'>or.</span> 
     </span>
     <span class='ocr_line' id='line_1_20' title="bbox 199 2396 1324 2483; baseline 0.001 -23"><span class='ocrx_word' id='word_1_165' title='bbox 199 2396 268 2461; x_wconf 81' lang='lat' dir='ltr'>Att.</span> <span class='ocrx_word' id='word_1_166' title='bbox 290 2396 322 2461; x_wconf 93' lang='lat' dir='ltr'>II</span> <span class='ocrx_word' id='word_1_167' title='bbox 343 2417 374 2477; x_wconf 94' lang='lat' dir='ltr'>p.</span> <span class='ocrx_word' id='word_1_168' title='bbox 397 2397 460 2460; x_wconf 76' lang='grc'>276</span> <span class='ocrx_word' id='word_1_169' title='bbox 482 2397 547 2470; x_wconf 85' lang='lat' dir='ltr'>alio</span> <span class='ocrx_word' id='word_1_170' title='bbox 570 2399 641 2463; x_wconf 90' lang='lat' dir='ltr'>loco</span> <span class='ocrx_word' id='word_1_171' title='bbox 654 2399 892 2483; x_wconf 83' lang='lat' dir='ltr'>explicaturum</span> <span class='ocrx_word' id='word_1_172' title='bbox 914 2420 948 2463; x_wconf 89' lang='lat' dir='ltr'>se</span> <span class='ocrx_word' id='word_1_173' title='bbox 965 2420 1035 2465; x_wconf 90' lang='lat' dir='ltr'>esse</span> <span class='ocrx_word' id='word_1_174' title='bbox 1046 2399 1220 2481; x_wconf 84' lang='lat' dir='ltr'>promittit,</span> <span class='ocrx_word' id='word_1_175' title='bbox 1245 2397 1324 2480; x_wconf 91' lang='lat' dir='ltr'>quid</span> 
     </span>
     <span class='ocr_line' id='line_1_21' title="bbox 200 2498 1323 2583; baseline 0.002 -21"><span class='ocrx_word' id='word_1_176' title='bbox 200 2499 240 2562; x_wconf 89' lang='lat' dir='ltr'>de</span> <span class='ocrx_word' id='word_1_177' title='bbox 263 2504 396 2563; x_wconf 92' lang='lat' dir='ltr'>auctore</span> <span class='ocrx_word' id='word_1_178' title='bbox 427 2498 526 2582; x_wconf 84' lang='lat' dir='ltr'>hujus</span> <span class='ocrx_word' id='word_1_179' title='bbox 557 2500 714 2564; x_wconf 87' lang='lat' dir='ltr'>orationis</span> <span class='ocrx_word' id='word_1_180' title='bbox 745 2502 954 2567; x_wconf 90' lang='lat' dir='ltr'>statuendum</span> <span class='ocrx_word' id='word_1_181' title='bbox 976 2502 1030 2583; x_wconf 87' lang='lat' dir='ltr'>sit,</span> <span class='ocrx_word' id='word_1_182' title='bbox 1059 2501 1213 2583; x_wconf 87' lang='lat' dir='ltr'>nondum,</span> <span class='ocrx_word' id='word_1_183' title='bbox 1236 2499 1323 2583; x_wconf 91' lang='lat' dir='ltr'>quod</span> 
     </span>
     <span class='ocr_line' id='line_1_22' title="bbox 199 2599 1324 2686; baseline 0 -21"><span class='ocrx_word' id='word_1_184' title='bbox 199 2601 308 2683; x_wconf 83' lang='lat' dir='ltr'>sciam,</span> <span class='ocrx_word' id='word_1_185' title='bbox 336 2600 429 2666; x_wconf 88' lang='lat' dir='ltr'>stetit</span> <span class='ocrx_word' id='word_1_186' title='bbox 450 2603 628 2684; x_wconf 86' lang='lat' dir='ltr'>promissis.</span> <span class='ocrx_word' id='word_1_187' title='bbox 672 2599 826 2666; x_wconf 84' lang='lat' dir='ltr'>Vindicat</span> <span class='ocrx_word' id='word_1_188' title='bbox 855 2602 940 2668; x_wconf 89' lang='lat' dir='ltr'>hanc</span> <span class='ocrx_word' id='word_1_189' title='bbox 962 2603 1143 2668; x_wconf 92' lang='lat' dir='ltr'>orationem</span> <span class='ocrx_word' id='word_1_190' title='bbox 1167 2602 1324 2686; x_wconf 90' lang='lat' dir='ltr'>Hyperidi</span> 
     </span>
     <span class='ocr_line' id='line_1_23' title="bbox 198 2700 1322 2789; baseline 0.001 -22"><span class='ocrx_word' id='word_1_191' title='bbox 198 2703 236 2767; x_wconf 88' lang='lat' dir='ltr'>A.</span> <span class='ocrx_word' id='word_1_192' title='bbox 250 2700 288 2766; x_wconf 84' lang='lat' dir='ltr'><strong>G.</strong></span> <span class='ocrx_word' id='word_1_193' title='bbox 301 2701 464 2768; x_wconf 88' lang='lat' dir='ltr'>Beckerus</span> <span class='ocrx_word' id='word_1_194' title='bbox 485 2703 741 2787; x_wconf 83' lang='lat' dir='ltr'>‚Demosthenes&#39;</span> <span class='ocrx_word' id='word_1_195' title='bbox 762 2726 794 2787; x_wconf 92' lang='lat' dir='ltr'>p.</span> <span class='ocrx_word' id='word_1_196' title='bbox 817 2705 890 2788; x_wconf 79' lang='lat'><strong>265,</strong></span> <span class='ocrx_word' id='word_1_197' title='bbox 913 2705 1080 2789; x_wconf 87' lang='lat' dir='ltr'>abjudicat</span> <span class='ocrx_word' id='word_1_198' title='bbox 1103 2705 1193 2770; x_wconf 83' lang='lat' dir='ltr'>abeo</span> <span class='ocrx_word' id='word_1_199' title='bbox 1207 2703 1322 2769; x_wconf 88' lang='lat' dir='ltr'>Sohae-</span> 
     </span>
     <span class='ocr_line' id='line_1_24' title="bbox 198 2803 1322 2892; baseline 0.002 -24"><span class='ocrx_word' id='word_1_200' title='bbox 198 2803 287 2869; x_wconf 85' lang='lat' dir='ltr'>ferus</span> <span class='ocrx_word' id='word_1_201' title='bbox 309 2804 330 2868; x_wconf 88' lang='lat' dir='ltr'><strong>l.</strong></span> <span class='ocrx_word' id='word_1_202' title='bbox 353 2805 374 2869; x_wconf 87' lang='lat' dir='ltr'><strong>l.</strong></span> <span class='ocrx_word' id='word_1_203' title='bbox 396 2805 445 2870; x_wconf 91' lang='grc' dir='ltr'>ΠΙ</span> <span class='ocrx_word' id='word_1_204' title='bbox 465 2830 497 2892; x_wconf 88' lang='lat' dir='ltr'>p.</span> <span class='ocrx_word' id='word_1_205' title='bbox 521 2807 591 2872; x_wconf 87' lang='grc'>192.</span> <span class='ocrx_word' id='word_1_206' title='bbox 635 2806 784 2872; x_wconf 88' lang='lat' dir='ltr'>Reiskius</span> <span class='ocrx_word' id='word_1_207' title='bbox 807 2807 849 2872; x_wconf 87' lang='lat' dir='ltr'>ad</span> <span class='ocrx_word' id='word_1_208' title='bbox 871 2808 961 2873; x_wconf 90' lang='lat' dir='ltr'>Dem.</span> <span class='ocrx_word' id='word_1_209' title='bbox 984 2831 1015 2891; x_wconf 94' lang='lat' dir='ltr'>p.</span> <span class='ocrx_word' id='word_1_210' title='bbox 1045 2808 1126 2873; x_wconf 83' lang='lat'>1199</span> <span class='ocrx_word' id='word_1_211' title='bbox 1148 2806 1322 2892; x_wconf 85' lang='lat' dir='ltr'>Hyperidis</span> 
     </span>
     <span class='ocr_line' id='line_1_25' title="bbox 199 2909 1338 2995; baseline 0.003 -25"><span class='ocrx_word' id='word_1_212' title='bbox 199 2927 269 2970; x_wconf 89' lang='lat' dir='ltr'>esse</span> <span class='ocrx_word' id='word_1_213' title='bbox 305 2912 415 2971; x_wconf 90' lang='lat' dir='ltr'>censet</span> <span class='ocrx_word' id='word_1_214' title='bbox 449 2909 589 2992; x_wconf 89' lang='lat' dir='ltr'>primam</span> <span class='ocrx_word' id='word_1_215' title='bbox 625 2911 806 2975; x_wconf 88' lang='lat' dir='ltr'>orationem</span> <span class='ocrx_word' id='word_1_216' title='bbox 842 2911 877 2974; x_wconf 89' lang='lat' dir='ltr'>in</span> <span class='ocrx_word' id='word_1_217' title='bbox 916 2911 1187 2995; x_wconf 85' lang='lat' dir='ltr'>Aristogitonem,</span> <span class='ocrx_word' id='word_1_218' title='bbox 1224 2909 1338 2992; x_wconf 80' lang='lat' dir='ltr'>vulgo‘</span> 
     </span>
    </p>
   </div>
   <div class='ocr_carea' id='block_1_7' title="bbox 198 3007 1322 3196">
    <p class='ocr_par' dir='ltr' id='par_1_7' title="bbox 198 3007 1322 3196">
     <span class='ocr_line' id='line_1_26' title="bbox 198 3007 1322 3096; baseline 0.003 -24"><span class='ocrx_word' id='word_1_219' title='bbox 198 3007 412 3073; x_wconf 87' lang='lat' dir='ltr'>Demostheni</span> <span class='ocrx_word' id='word_1_220' title='bbox 450 3011 665 3096; x_wconf 89' lang='lat' dir='ltr'>adscriptam;</span> <span class='ocrx_word' id='word_1_221' title='bbox 704 3011 849 3078; x_wconf 88' lang='lat' dir='ltr'>refutata</span> <span class='ocrx_word' id='word_1_222' title='bbox 888 3019 938 3078; x_wconf 90' lang='lat' dir='ltr'>est</span> <span class='ocrx_word' id='word_1_223' title='bbox 975 3013 1045 3096; x_wconf 88' lang='lat' dir='ltr'>ejus</span> <span class='ocrx_word' id='word_1_224' title='bbox 1082 3013 1247 3077; x_wconf 85' lang='lat' dir='ltr'>sententia</span> <span class='ocrx_word' id='word_1_225' title='bbox 1281 3010 1322 3076; x_wconf 89' lang='lat' dir='ltr'>ab</span> 
     </span>
     <span class='ocr_line' id='line_1_27' title="bbox 198 3109 1321 3196; baseline 0.004 -22"><span class='ocrx_word' id='word_1_226' title='bbox 198 3110 237 3177; x_wconf 88' lang='lat' dir='ltr'>A.</span> <span class='ocrx_word' id='word_1_227' title='bbox 261 3109 299 3175; x_wconf 87' lang='lat' dir='ltr'><strong>G.</strong></span> <span class='ocrx_word' id='word_1_228' title='bbox 322 3111 466 3177; x_wconf 88' lang='lat' dir='ltr'>Bechero</span> <span class='ocrx_word' id='word_1_229' title='bbox 489 3113 509 3177; x_wconf 94' lang='lat' dir='ltr'><strong>l.</strong></span> <span class='ocrx_word' id='word_1_230' title='bbox 532 3113 553 3177; x_wconf 94' lang='lat' dir='ltr'><strong>l.</strong></span> <span class='ocrx_word' id='word_1_231' title='bbox 576 3135 607 3196; x_wconf 91' lang='lat' dir='ltr'>p.</span> <span class='ocrx_word' id='word_1_232' title='bbox 629 3115 696 3178; x_wconf 81' lang='lat'>405</span> <span class='ocrx_word' id='word_1_233' title='bbox 725 3136 795 3196; x_wconf 89' lang='lat' dir='ltr'>sqq.</span> <span class='ocrx_word' id='word_1_234' title='bbox 826 3114 860 3178; x_wconf 84' lang='lat' dir='ltr'>cf</span> <span class='ocrx_word' id='word_1_235' title='bbox 890 3114 1030 3179; x_wconf 88' lang='lat' dir='ltr'>Boeckh.</span> <span class='ocrx_word' id='word_1_236' title='bbox 1060 3115 1100 3178; x_wconf 94' lang='lat' dir='ltr'>de</span> <span class='ocrx_word' id='word_1_237' title='bbox 1130 3115 1226 3178; x_wconf 88' lang='lat' dir='ltr'>inser.</span> <span class='ocrx_word' id='word_1_238' title='bbox 1249 3135 1321 3178; x_wconf 84' lang='lat' dir='ltr'>nav.</span> 
     </span>
    </p>
   </div>
   <div class='ocr_carea' id='block_1_8' title="bbox 198 3212 1324 4126">
    <p class='ocr_par' dir='ltr' id='par_1_8' title="bbox 198 3212 1324 4126">
     <span class='ocr_line' id='line_1_28' title="bbox 199 3212 1322 3300; baseline 0.003 -25"><span class='ocrx_word' id='word_1_239' title='bbox 199 3234 230 3296; x_wconf 93' lang='lat' dir='ltr'>p.</span> <span class='ocrx_word' id='word_1_240' title='bbox 254 3212 317 3276; x_wconf 79' lang='grc'>529</span> <span class='ocrx_word' id='word_1_241' title='bbox 340 3219 373 3277; x_wconf 87' lang='lat' dir='ltr'>et</span> <span class='ocrx_word' id='word_1_242' title='bbox 396 3213 521 3280; x_wconf 84' lang='lat' dir='ltr'>Schaef.</span> <span class='ocrx_word' id='word_1_243' title='bbox 544 3215 565 3278; x_wconf 95' lang='lat' dir='ltr'><strong>l.</strong></span> <span class='ocrx_word' id='word_1_244' title='bbox 590 3215 689 3279; x_wconf 79' lang='lat' dir='ltr'><strong>LIII.</strong></span> <span class='ocrx_word' id='word_1_245' title='bbox 719 3238 794 3299; x_wconf 93' lang='lat' dir='ltr'>app.</span> <span class='ocrx_word' id='word_1_246' title='bbox 824 3239 855 3300; x_wconf 92' lang='lat' dir='ltr'>p.</span> <span class='ocrx_word' id='word_1_247' title='bbox 880 3218 950 3282; x_wconf 83' lang='grc'>127.</span> <span class='ocrx_word' id='word_1_248' title='bbox 972 3218 1002 3280; x_wconf 84' lang='grc'>4.</span> <span class='ocrx_word' id='word_1_249' title='bbox 1046 3216 1265 3281; x_wconf 88' lang='lat' dir='ltr'>Nihilominus</span> <span class='ocrx_word' id='word_1_250' title='bbox 1287 3215 1322 3278; x_wconf 92' lang='lat' dir='ltr'>in</span> 
     </span>
     <span class='ocr_line' id='line_1_29' title="bbox 198 3314 1322 3401; baseline 0.002 -23"><span class='ocrx_word' id='word_1_251' title='bbox 198 3314 324 3379; x_wconf 87' lang='lat' dir='ltr'>Reiskii</span> <span class='ocrx_word' id='word_1_252' title='bbox 351 3317 548 3381; x_wconf 88' lang='lat' dir='ltr'>sententium</span> <span class='ocrx_word' id='word_1_253' title='bbox 577 3339 682 3400; x_wconf 90' lang='lat' dir='ltr'>nuper</span> <span class='ocrx_word' id='word_1_254' title='bbox 703 3319 851 3401; x_wconf 88' lang='lat' dir='ltr'>relapsus</span> <span class='ocrx_word' id='word_1_255' title='bbox 881 3322 931 3383; x_wconf 88' lang='lat' dir='ltr'>est</span> <span class='ocrx_word' id='word_1_256' title='bbox 953 3317 1093 3384; x_wconf 85' lang='lat' dir='ltr'>Cobetus</span> <span class='ocrx_word' id='word_1_257' title='bbox 1116 3317 1270 3381; x_wconf 80' lang='lat' dir='ltr'>Mnemos</span> <span class='ocrx_word' id='word_1_258' title='bbox 1293 3315 1322 3381; x_wconf 88' lang='lat' dir='ltr'>V</span> 
     </span>
     <span class='ocr_line' id='line_1_30' title="bbox 199 3417 1322 3505; baseline 0.003 -26"><span class='ocrx_word' id='word_1_259' title='bbox 199 3440 230 3501; x_wconf 90' lang='lat' dir='ltr'>p.</span> <span class='ocrx_word' id='word_1_260' title='bbox 255 3417 334 3500; x_wconf 78' lang='lat'>4113</span> <span class='ocrx_word' id='word_1_261' title='bbox 366 3419 446 3500; x_wconf 91' lang='lat' dir='ltr'>quin</span> <span class='ocrx_word' id='word_1_262' title='bbox 476 3421 569 3486; x_wconf 80' lang='lat' dir='ltr'>eois</span> <span class='ocrx_word' id='word_1_263' title='bbox 598 3419 815 3484; x_wconf 89' lang='lat' dir='ltr'>confidentiae</span> <span class='ocrx_word' id='word_1_264' title='bbox 837 3421 1005 3505; x_wconf 81' lang='lat' dir='ltr'>processit,</span> <span class='ocrx_word' id='word_1_265' title='bbox 1036 3427 1073 3484; x_wconf 89' lang='lat' dir='ltr'>ut</span> <span class='ocrx_word' id='word_1_266' title='bbox 1104 3421 1211 3485; x_wconf 90' lang='lat' dir='ltr'>locum</span> <span class='ocrx_word' id='word_1_267' title='bbox 1232 3419 1322 3483; x_wconf 93' lang='lat' dir='ltr'>illius</span> 
     </span>
     <span class='ocr_line' id='line_1_31' title="bbox 200 3519 1322 3607; baseline 0.003 -26"><span class='ocrx_word' id='word_1_268' title='bbox 200 3519 369 3601; x_wconf 69' lang='lat' dir='ltr'>orationia</span> <span class='ocrx_word' id='word_1_269' title='bbox 400 3521 456 3602; x_wconf 92' lang='lat' dir='ltr'>qui</span> <span class='ocrx_word' id='word_1_270' title='bbox 484 3527 534 3586; x_wconf 90' lang='lat' dir='ltr'>est</span> <span class='ocrx_word' id='word_1_271' title='bbox 562 3526 590 3602; x_wconf 69' lang='lat'>§-</span> <span class='ocrx_word' id='word_1_272' title='bbox 616 3523 652 3586; x_wconf 92' lang='grc'>11</span> <span class='ocrx_word' id='word_1_273' title='bbox 684 3527 842 3604; x_wconf 89' lang='lat' dir='ltr'>tanquam</span> <span class='ocrx_word' id='word_1_274' title='bbox 864 3522 1040 3607; x_wconf 88' lang='lat' dir='ltr'>Hyperidis</span> <span class='ocrx_word' id='word_1_275' title='bbox 1071 3519 1144 3587; x_wconf 78' lang='grc' dir='ltr'>κατ’</span> <span class='ocrx_word' id='word_1_276' title='bbox 1173 3519 1322 3603; x_wconf 83' lang='grc' dir='ltr'><strong><em>Ἀριστο-</em></strong></span> 
     </span>
     <span class='ocr_line' id='line_1_32' title="bbox 199 3615 1233 3716; baseline 0.006 -33"><span class='ocrx_word' id='word_1_277' title='bbox 199 3615 352 3705; x_wconf 73' lang='grc' dir='ltr'><strong><em>γείτονος</em></strong></span> <span class='ocrx_word' id='word_1_278' title='bbox 374 3621 564 3704; x_wconf 89' lang='lat' dir='ltr'>simpliciter</span> <span class='ocrx_word' id='word_1_279' title='bbox 585 3623 736 3688; x_wconf 87' lang='lat' dir='ltr'>laudaret</span> <span class='ocrx_word' id='word_1_280' title='bbox 757 3623 804 3686; x_wconf 92' lang='lat' dir='ltr'>IX</span> <span class='ocrx_word' id='word_1_281' title='bbox 826 3646 857 3706; x_wconf 93' lang='lat' dir='ltr'>p.</span> <span class='ocrx_word' id='word_1_282' title='bbox 880 3625 930 3688; x_wconf 81' lang='lat'><strong>97.</strong></span> <span class='ocrx_word' id='word_1_283' title='bbox 1223 3708 1233 3716; x_wconf 26' lang='grc' dir='ltr'>υ</span> 
     </span>
     <span class='ocr_line' id='line_1_33' title="bbox 284 3719 1324 3812; baseline 0.001 -26"><span class='ocrx_word' id='word_1_284' title='bbox 284 3723 477 3789; x_wconf 88' lang='lat' dir='ltr'>Aristoteles</span> <span class='ocrx_word' id='word_1_285' title='bbox 506 3723 590 3788; x_wconf 87' lang='lat' dir='ltr'>rhet.</span> <span class='ocrx_word' id='word_1_286' title='bbox 612 3725 653 3808; x_wconf 82' lang='grc' dir='ltr'>ΙΙ,</span> <span class='ocrx_word' id='word_1_287' title='bbox 676 3727 705 3789; x_wconf 87' lang='lat'>6.</span> <span class='ocrx_word' id='word_1_288' title='bbox 728 3747 759 3808; x_wconf 83' lang='lat' dir='ltr'>p.</span> <span class='ocrx_word' id='word_1_289' title='bbox 784 3726 875 3791; x_wconf 75' lang='lat'><strong>1384.</strong></span> <span class='ocrx_word' id='word_1_290' title='bbox 897 3724 929 3808; x_wconf 82' lang='lat' dir='ltr'>b,</span> <span class='ocrx_word' id='word_1_291' title='bbox 954 3726 993 3789; x_wconf 84' lang='lat'>13</span> <span class='ocrx_word' id='word_1_292' title='bbox 1015 3725 1090 3789; x_wconf 75' lang='lat' dir='ltr'>Bu:</span> <span class='ocrx_word' id='word_1_293' title='bbox 1121 3719 1234 3791; x_wconf 73' lang='lat' dir='ltr'>dirimi</span> <span class='ocrx_word' id='word_1_294' title='bbox 1258 3721 1324 3812; x_wconf 71' lang='grc' dir='ltr'><em>ἔχει</em></span> 
     </span>
     <span class='ocr_line' id='line_1_34' title="bbox 203 3822 1322 3913; baseline 0.003 -26"><span class='ocrx_word' id='word_1_295' title='bbox 203 3822 220 3900; x_wconf 79' lang='grc' dir='ltr'><em>ἡ</em></span> <span class='ocrx_word' id='word_1_296' title='bbox 252 3824 313 3890; x_wconf 83' lang='grc' dir='ltr'>τοῦ</span> <span class='ocrx_word' id='word_1_297' title='bbox 345 3823 534 3912; x_wconf 80' lang='grc' dir='ltr'><strong><em>Εὐριπίδου</em></strong></span> <span class='ocrx_word' id='word_1_298' title='bbox 565 3824 746 3913; x_wconf 74' lang='grc' dir='ltr'><strong><em>ἀπόκρισις</em></strong></span> <span class='ocrx_word' id='word_1_299' title='bbox 776 3825 860 3913; x_wconf 86' lang='grc' dir='ltr'><strong><em>πρὸς</em></strong></span> <span class='ocrx_word' id='word_1_300' title='bbox 890 3827 967 3903; x_wconf 78' lang='grc' dir='ltr'>τούς</span> <span class='ocrx_word' id='word_1_301' title='bbox 994 3825 1235 3913; x_wconf 82' lang='grc' dir='ltr'>Συρακοσίους</span> <span class='ocrx_word' id='word_1_302' title='bbox 1262 3833 1322 3892; x_wconf 90' lang='lat' dir='ltr'>eto.</span> 
     </span>
     <span class='ocr_line' id='line_1_35' title="bbox 202 3927 1323 4016; baseline 0.002 -26"><span class='ocrx_word' id='word_1_303' title='bbox 202 3927 416 3993; x_wconf 88' lang='lat' dir='ltr'>Ruhnkenius</span> <span class='ocrx_word' id='word_1_304' title='bbox 427 3929 461 3993; x_wconf 93' lang='lat' dir='ltr'>in</span> <span class='ocrx_word' id='word_1_305' title='bbox 473 3928 548 3994; x_wconf 91' lang='lat' dir='ltr'>hist.</span> <span class='ocrx_word' id='word_1_306' title='bbox 560 3930 630 3995; x_wconf 89' lang='lat' dir='ltr'>crit.</span> <span class='ocrx_word' id='word_1_307' title='bbox 643 3936 740 3994; x_wconf 87' lang='lat' dir='ltr'>oratt.</span> <span class='ocrx_word' id='word_1_308' title='bbox 753 3929 809 3993; x_wconf 84' lang='lat' dir='ltr'>Gr.</span> <span class='ocrx_word' id='word_1_309' title='bbox 827 3952 858 4012; x_wconf 89' lang='lat' dir='ltr'>p.</span> <span class='ocrx_word' id='word_1_310' title='bbox 871 3931 913 3993; x_wconf 87' lang='lat'>36</span> <span class='ocrx_word' id='word_1_311' title='bbox 924 3929 1323 4016; x_wconf 86' lang='lat' dir='ltr'>(praepositaFrotsoheri</span> 
     </span>
     <span class='ocr_line' id='line_1_36' title="bbox 202 4028 1322 4126; baseline 0.004 -34"><span class='ocrx_word' id='word_1_312' title='bbox 202 4028 278 4093; x_wconf 87' lang='lat' dir='ltr'>edit.</span> <span class='ocrx_word' id='word_1_313' title='bbox 301 4030 402 4096; x_wconf 87' lang='lat' dir='ltr'>Rutil.</span> <span class='ocrx_word' id='word_1_314' title='bbox 425 4029 521 4114; x_wconf 84' lang='lat' dir='ltr'>Lup.)</span> <span class='ocrx_word' id='word_1_315' title='bbox 551 4028 737 4118; x_wconf 80' lang='grc' dir='ltr'><strong><em>Ὑπερείδου</em></strong></span> <span class='ocrx_word' id='word_1_316' title='bbox 760 4033 933 4118; x_wconf 86' lang='lat' dir='ltr'>legendum</span> <span class='ocrx_word' id='word_1_317' title='bbox 954 4054 1024 4098; x_wconf 89' lang='lat' dir='ltr'>esse</span> <span class='ocrx_word' id='word_1_318' title='bbox 1046 4038 1155 4126; x_wconf 75' lang='lat' dir='ltr'>censet</span> <span class='ocrx_word' id='word_1_319' title='bbox 1176 4053 1236 4116; x_wconf 92' lang='lat' dir='ltr'>pro</span> <span class='ocrx_word' id='word_1_320' title='bbox 1255 4030 1322 4096; x_wconf 84' lang='grc' dir='ltr'>Εὐ-</span> 
     </span>
    </p>
   </div>
   <div class='ocr_carea' id='block_1_9' title="bbox 0 0 1600 5002">
    <p class='ocr_par' dir='ltr' id='par_1_9' title="bbox 0 0 1600 5002">
     <span class='ocr_line' id='line_1_37' title="bbox 0 0 1600 5002; baseline 0 0"><span class='ocrx_word' id='word_1_321' title='bbox 0 0 1600 5002; x_wconf 95' lang='lat' dir='ltr'> </span> 
     </span>
    </p>
   </div>
  </div>
 </body>
</html>
