3190 5002
660 368 873 444 ...31...

289 544 340 615 Ol.
363 547 436 633 111,
457 548 478 613 2
500 545 591 634 (334)
614 547 737 614 bellum
763 549 798 612 in
819 546 935 612 Persas
962 543 1112 631 suscepit·
1126 540 1328 629 Alexander3

204 652 315 739 paullo
343 656 418 736 post
446 649 575 715 videtur
605 651 753 718 triremes
783 649 964 734 postulasse
993 648 1035 714 ab
1064 647 1327 732 Atheniensibus

205 755 262 820 sed
286 751 445 838 refragati
475 757 552 818 sunt
583 758 739 835 oratores,
771 752 822 816 Ps.
845 751 931 818 Plut.
960 773 992 835 p.
1014 752 1077 816 448
1099 752 1146 816 D:
1174 752 1230 814 καὶ
1252 752 1329 836 περὶ

168 915 169 918 ,
204 857 268 922 τῶν
290 855 488 941 στρατηγῶν
509 845 552 918 ῶν
578 851 652 944 ᾔτει
681 850 868 932 Ἀθηναίων
896 851 1029 918 ἀντεῖπε
1057 853 1115 940 (so.
1136 849 1326 940 Ὑπερείδης)

184 959 355 1046 καὶπερὶ
379 959 442 1022 τῶν
466 955 617 1042 τριήρων.
639 955 679 1021 cf.
700 979 732 1042 p.
754 957 816 1021 847
840 955 876 1023 C.
898 955 1026 1021 Arrian.
1039 955 1080 1020 Π.
1102 956 1134 1041 2,
1145 956 1176 1021 4.
1199 955 1328 1024 Schaef.

203 1062 224 1127 l.
248 1062 270 1125 l.
292 1061 340 1126 ΙΠ
360 1083 391 1144 p.
415 1061 486 1124 160.
740 1089 745 1098 ·

288 1162 370 1226 Fere
401 1161 505 1226 eidem
539 1161 679 1246 tempori
711 1161 909 1244 assignanda
941 1165 990 1226 est
1015 1159 1190 1244 Hyperidis
1222 1160 1327 1226 oratio

204 1264 279 1353 περὶ
300 1267 363 1328 τῶν
384 1259 560 1346 Εὐβούλου
582 1263 719 1349 δωρεῶν.
754 1262 903 1328 Eubulus
923 1261 1159 1346 Anaphlystius
1181 1268 1328 1327 mortuus

204 1372 253 1431 est
275 1372 352 1431 aute
376 1364 425 1429 Ol.
450 1367 521 1449 112,
543 1368 563 1430 3
585 1364 678 1452 (330)
701 1365 740 1430 of.
751 1365 841 1430 Dem.
853 1364 972 1448 XVIII,
988 1366 1065 1429 162:
1083 1362 1326 1449 Ἀριστοφῶντα

205 1469 262 1531 καὶ
283 1464 460 1550 Εὔβουλον
476 1463 585 1543 -otc
607 1468 648 1532 σύ
671 1469 796 1548 ζῶντας
817 1471 876 1551 μὲν
897 1506 940 1515 -
962 1465 1155 1532 κολακεύων
1175 1488 1328 1552 παρηκο-

203 1568 354 1653 totone,
363 1567 559 1636 τεθνεώτων
568 1567 1045 1655 δὀὐκαῖσθῶυιικατηγορῶν.
1068 1568 1192 1636 Bochn.
1202 1573 1327 1651 quaest.

202 1673 270 1738 Att.
288 1696 318 1757 p.
342 1674 415 1740 604.
433 1672 559 1739 Schaef.
572 1674 595 1740 1.
612 1673 634 1739 l.
648 1673 664 1737 Ι
677 1696 709 1758 p.
727 1673 798 1738 190.
817 1673 852 1754 13
872 1677 948 1756 post
962 1671 1031 1755 ejus
1046 1675 1185 1736 mortem
1200 1677 1327 1737 contro-

202 1777 307 1840 versia
329 1781 443 1841 exorta
466 1797 537 1840 esse
558 1774 696 1858 videtur,
724 1796 803 1840 num
825 1774 936 1839 liberis
957 1774 1063 1857 iidem,
1095 1773 1211 1856 quibus
1232 1779 1328 1859 pater

202 1884 337 1943 ornatus
373 1883 461 1960 erat,
493 1877 690 1942 concedendi
728 1881 836 1942 essent
864 1875 1020 1959 honores3
1063 1875 1243 1961 Hyperides
1273 1897 1327 1942 eos

202 1979 407 2064 abrogandos
437 2001 505 2044 esse
532 1980 666 2043 censuit.
709 1977 832 2043 Boehn.
861 1978 882 2044 l.
907 1979 929 2045 l.
953 1984 1060 2063 putat,
1090 1978 1236 2044 decretos
1258 1999 1327 2044 esse

201 2082 340 2147 honores
361 2087 490 2148 mortuo
512 2081 651 2164 Eubulo,
681 2079 721 2145 de
744 2080 861 2163 quibus
884 2081 1057 2167 Hyperidis
1087 2082 1190 2166 egerit
1212 2083 1327 2165 oratio,

202 2185 290 2267 qnod
323 2184 402 2249 ferri
434 2205 499 2248 non
531 2203 627 2269 posse
658 2183 827 2248 contendit
855 2180 1018 2269 Sauppius
1055 2183 1096 2249 ob
1124 2183 1327 2267 vocabulum,

200 2285 288 2370 quod
309 2291 359 2351 est
380 2286 515 2372 δωρεῶν.
822 2282 824 2286 ’

285 2387 335 2452 Ol.
359 2390 421 2453 112
444 2389 534 2475 (332)
557 2387 725 2473 Callippus
752 2387 963 2453 Atheniensis
999 2388 1161 2470 corruptis
1189 2388 1328 2472 pecunia

199 2491 248 2574 iis,
272 2491 328 2573 qui
351 2489 594 2573 concertabant,
621 2492 801 2574 reportavit
823 2489 993 2574 Olympiae
1014 2491 1200 2572 victoriam
1239 2490 1327 2573 quod

200 2613 273 2657 cum
295 2593 406 2675 palam
428 2591 551 2657 sactum
570 2598 669 2684 esset,
692 2593 830 2658 multam
848 2593 1003 2676 irrogavit
1016 2591 1170 2657 Eleorum
1185 2595 1327 2676 populus

199 2693 360 2780 Collippo,
390 2716 488 2778 quam
516 2696 732 2762 Athenienses
761 2694 897 2778 perinde
918 2715 957 2760 ac
977 2694 1137 2759 victorum
1159 2694 1272 2760 laudes
1293 2699 1328 2760 et

203 2796 343 2862 honores
374 2797 435 2863 sibi
464 2797 683 2881 vindicabant,
713 2797 837 2862 solvere
864 2798 969 2862 coacti
990 2801 1093 2861 erant.
1136 2795 1255 2862 Missus
1277 2802 1328 2862 est

199 2898 391 2982 Hyperidae,
421 2901 477 2983 qui
500 2898 685 2985 Callippum
715 2899 905 2964 defenderet
929 2899 1155 2983 judiciumque
1184 2899 1326 2983 tolleret,

203 3001 260 3065 sed
271 3003 376 3067 caruit
395 3001 483 3066 felici
499 3023 649 3066 successu
662 3002 732 3086 ejus
755 3003 878 3084 oratio;
901 3002 1022 3066 etenim
1031 3001 1129 3067 nihili
1142 3001 1327 3067 faciendum

199 3107 258 3185 est,
281 3105 368 3186 quod
389 3104 441 3168 Ps.
463 3104 660 3169 Plutarchus
682 3103 761 3168 dicit
781 3103 840 3167 καὶ
858 3104 1002 3184 ἐνίκησε,
1021 3105 1327 3188 eumintelligamua

198 3225 216 3268 e
245 3204 384 3271 Pausau.
415 3206 453 3271 V.
482 3208 534 3290 21,
564 3206 585 3270 5
620 3226 687 3271 una
716 3211 803 3271 certe
832 3204 1025 3291 Olympiade
1050 3207 1197 3272 exclusos
1226 3206 1334 3274 fuisse.

197 3305 444 3374 Atheniensesa
458 3308 727 3375 celebrandorum
739 3307 962 3393 Olympiorum
973 3310 1207 3392 communione,
1224 3307 1326 3374 donec

198 3408 349 3492 Delphici
379 3412 503 3476 oraculi
530 3412 720 3476 auctoritati
749 3409 965 3493 obsequentes
989 3432 1128 3496 poenam
1150 3411 1326 3494 solverunt.

197 3509 392 3596 Kiesslingio
417 3513 475 3574 καὶ
496 3513 629 3592 ἐνίκησε
653 3535 673 3578 a
694 3512 822 3577 librarii
843 3514 1044 3597 negligentia
1056 3514 1239 3598 profectum
1257 3534 1326 3579 esse

195 3612 335 3696 videtur,
359 3615 415 3696 qui
436 3635 510 3679 oum
531 3617 659 3700 saepius
680 3616 714 3680 in
736 3615 942 3680 recensendis
957 3615 1160 3680 orationibus
1178 3616 1325 3682 additum

197 3736 267 3780 esse
283 3715 417 3799 videret,
442 3739 538 3800 quem
560 3723 711 3783 eventum
725 3724 837 3783 orator
850 3716 1013 3800 habuerit,
1028 3723 1143 3784 eontra
1154 3719 1325 3784 veritatem

197 3819 335 3882 mutavit
363 3819 423 3881 καὶ
452 3819 607 3901 §vinnom
643 3822 782 3904 conjecit
801 3821 844 3901 ¹(l.
874 3820 895 3884 l.
924 3844 955 3905 p.
984 3821 1060 3901 209)
1098 3822 1156 3885 καὶ
1192 3824 1326 3900 νικῆσαι

198 3909 378 4006 ,callippus
414 3943 479 3988 non
513 3921 618 3988 solum
654 3929 860 4008 corruperat.
882 3922 956 3997 τούς
983 3920 1325 4008 ἀνταγωνιουμένους,
1409 3962 1412 3969 -

202 4023 287 4104 quod
309 4025 416 4110 ipsum
438 4046 497 4110 per
519 4047 553 4090 se
575 4030 671 4111 turpe
683 4033 716 4092 et
732 4028 939 4092 criminosum
953 4024 1026 4110 fuit,
1049 4026 1107 4092 sed
1124 4049 1184 4113 per
1195 4026 1325 4093 foedam
