<?xml version="1.0" encoding="UTF-8"?>
<!DOCTYPE html PUBLIC "-//W3C//DTD XHTML 1.0 Transitional//EN"
    "http://www.w3.org/TR/xhtml1/DTD/xhtml1-transitional.dtd">
<html xmlns="http://www.w3.org/1999/xhtml" xml:lang="en" lang="en">
 <head>
  <title>
</title>
<meta http-equiv="Content-Type" content="text/html;charset=utf-8" />
  <meta name='ocr-system' content='tesseract 3.04.00' />
  <meta name='ocr-capabilities' content='ocr_page ocr_carea ocr_par ocr_line ocrx_word'/>
</head>
<body>
  <div class='ocr_page' id='page_1' title='image "./quaestionumhype00hagegoog_0054.png"; bbox 0 0 3190 5002; ppageno 0'>
   <div class='ocr_carea' id='block_1_1' title="bbox 609 1003 894 1123">
    <p class='ocr_par' dir='ltr' id='par_1_1' title="bbox 609 1003 894 1123">
     <span class='ocr_line' id='line_1_1' title="bbox 609 1003 894 1123; baseline 0 -1"><span class='ocrx_word' id='word_1_1' title='bbox 609 1003 780 1123; x_wconf 80' lang='lat' dir='ltr'><strong>CAP.</strong></span> <span class='ocrx_word' id='word_1_2' title='bbox 817 1005 894 1123; x_wconf 91' lang='grc' dir='ltr'><strong>ΙΙ.</strong></span> 
     </span>
    </p>
   </div>
   <div class='ocr_carea' id='block_1_2' title="bbox 518 1195 986 1288">
    <p class='ocr_par' dir='ltr' id='par_1_2' title="bbox 518 1195 986 1288">
     <span class='ocr_line' id='line_1_2' title="bbox 518 1195 986 1288; baseline 0.002 -28"><span class='ocrx_word' id='word_1_3' title='bbox 518 1207 576 1261; x_wconf 81' lang='lat' dir='ltr'><strong>nn</strong></span> <span class='ocrx_word' id='word_1_4' title='bbox 598 1209 713 1264; x_wconf 79' lang='lat' dir='ltr'><strong>nucu</strong></span> <span class='ocrx_word' id='word_1_5' title='bbox 743 1195 986 1288; x_wconf 76' lang='grc' dir='ltr'><em>εἰσαγγελιικῇ.</em></span> 
     </span>
    </p>
   </div>
   <div class='ocr_carea' id='block_1_3' title="bbox 274 1348 1314 1438">
    <p class='ocr_par' dir='ltr' id='par_1_3' title="bbox 274 1348 1314 1438">
     <span class='ocr_line' id='line_1_3' title="bbox 274 1348 1314 1438; baseline 0 -20"><span class='ocrx_word' id='word_1_6' title='bbox 274 1353 354 1418; x_wconf 89' lang='lat' dir='ltr'><strong>Jure</strong></span> <span class='ocrx_word' id='word_1_7' title='bbox 376 1353 544 1418; x_wconf 78' lang='lat' dir='ltr'><strong>contendit</strong></span> <span class='ocrx_word' id='word_1_8' title='bbox 567 1355 731 1438; x_wconf 89' lang='lat' dir='ltr'><strong>quondam</strong></span> <span class='ocrx_word' id='word_1_9' title='bbox 755 1353 788 1420; x_wconf 85' lang='lat' dir='ltr'><strong>C.</strong></span> <span class='ocrx_word' id='word_1_10' title='bbox 813 1354 873 1419; x_wconf 89' lang='lat' dir='ltr'><strong>Ed.</strong></span> <span class='ocrx_word' id='word_1_11' title='bbox 894 1355 971 1420; x_wconf 86' lang='lat' dir='ltr'><strong>Otto</strong></span> <span class='ocrx_word' id='word_1_12' title='bbox 995 1353 1048 1434; x_wconf 86' lang='lat' dir='ltr'><strong>(de</strong></span> <span class='ocrx_word' id='word_1_13' title='bbox 1066 1348 1314 1419; x_wconf 83' lang='lat' dir='ltr'><strong>Atheniensium</strong></span> 
     </span>
    </p>
   </div>
   <div class='ocr_carea' id='block_1_4' title="bbox 191 1453 1400 1542">
    <p class='ocr_par' dir='ltr' id='par_1_4' title="bbox 191 1453 1400 1542">
     <span class='ocr_line' id='line_1_4' title="bbox 191 1453 1400 1542; baseline -0.002 -21"><span class='ocrx_word' id='word_1_14' title='bbox 191 1453 374 1521; x_wconf 78' lang='lat' dir='ltr'><strong>actionibus</strong></span> <span class='ocrx_word' id='word_1_15' title='bbox 396 1454 581 1520; x_wconf 86' lang='lat' dir='ltr'><strong>forensibus</strong></span> <span class='ocrx_word' id='word_1_16' title='bbox 604 1479 687 1541; x_wconf 85' lang='lat' dir='ltr'><strong>spec.</strong></span> <span class='ocrx_word' id='word_1_17' title='bbox 710 1458 725 1521; x_wconf 95' lang='grc'>1</span> <span class='ocrx_word' id='word_1_18' title='bbox 747 1458 832 1542; x_wconf 60' lang='lat' dir='ltr'><strong>pn?</strong></span> <span class='ocrx_word' id='word_1_19' title='bbox 857 1458 952 1537; x_wconf 79' lang='lat'>1820)</span> <span class='ocrx_word' id='word_1_20' title='bbox 975 1457 1060 1521; x_wconf 90' lang='lat' dir='ltr'><strong>nulli</strong></span> <span class='ocrx_word' id='word_1_21' title='bbox 1080 1455 1148 1520; x_wconf 90' lang='lat' dir='ltr'><strong>fere</strong></span> <span class='ocrx_word' id='word_1_22' title='bbox 1170 1457 1313 1522; x_wconf 90' lang='lat' dir='ltr'><strong>remedio</strong></span> <span class='ocrx_word' id='word_1_23' title='bbox 1397 1500 1400 1505; x_wconf 93' lang='lat'>-</span> 
     </span>
    </p>
   </div>
   <div class='ocr_carea' id='block_1_5' title="bbox 103 1557 1318 3800">
    <p class='ocr_par' dir='ltr' id='par_1_5' title="bbox 158 1557 1316 2564">
     <span class='ocr_line' id='line_1_5' title="bbox 186 1557 1314 1643; baseline -0.001 -20"><span class='ocrx_word' id='word_1_24' title='bbox 186 1559 271 1643; x_wconf 88' lang='lat' dir='ltr'><strong>juris</strong></span> <span class='ocrx_word' id='word_1_25' title='bbox 306 1563 374 1622; x_wconf 82' lang='lat' dir='ltr'><strong>tam</strong></span> <span class='ocrx_word' id='word_1_26' title='bbox 402 1557 598 1640; x_wconf 81' lang='lat' dir='ltr'><strong>profundam</strong></span> <span class='ocrx_word' id='word_1_27' title='bbox 633 1565 763 1625; x_wconf 85' lang='lat' dir='ltr'><strong>noctem</strong></span> <span class='ocrx_word' id='word_1_28' title='bbox 791 1559 928 1624; x_wconf 85' lang='lat' dir='ltr'><strong>offusam</strong></span> <span class='ocrx_word' id='word_1_29' title='bbox 959 1580 1045 1643; x_wconf 83' lang='lat' dir='ltr'><strong>esse,</strong></span> <span class='ocrx_word' id='word_1_30' title='bbox 1074 1564 1144 1625; x_wconf 88' lang='lat' dir='ltr'><strong>tum</strong></span> <span class='ocrx_word' id='word_1_31' title='bbox 1179 1565 1314 1642; x_wconf 87' lang='lat' dir='ltr'><strong>propter</strong></span> 
     </span>
     <span class='ocr_line' id='line_1_6' title="bbox 191 1660 1315 1746; baseline 0 -20"><span class='ocrx_word' id='word_1_32' title='bbox 191 1661 333 1726; x_wconf 85' lang='lat' dir='ltr'><strong>notionis</strong></span> <span class='ocrx_word' id='word_1_33' title='bbox 355 1660 458 1745; x_wconf 88' lang='lat' dir='ltr'><strong>ipsius</strong></span> <span class='ocrx_word' id='word_1_34' title='bbox 481 1662 730 1746; x_wconf 89' lang='lat' dir='ltr'><strong>amplitudinem</strong></span> <span class='ocrx_word' id='word_1_35' title='bbox 752 1668 785 1727; x_wconf 87' lang='lat' dir='ltr'><strong>et</strong></span> <span class='ocrx_word' id='word_1_36' title='bbox 807 1660 1064 1746; x_wconf 82' lang='lat' dir='ltr'><strong>ambiguitatem,</strong></span> <span class='ocrx_word' id='word_1_37' title='bbox 1087 1667 1158 1726; x_wconf 88' lang='lat' dir='ltr'><strong>tum</strong></span> <span class='ocrx_word' id='word_1_38' title='bbox 1179 1666 1315 1746; x_wconf 90' lang='lat' dir='ltr'><strong>propter</strong></span> 
     </span>
     <span class='ocr_line' id='line_1_7' title="bbox 190 1763 1314 1845; baseline 0 -17"><span class='ocrx_word' id='word_1_39' title='bbox 190 1763 309 1845; x_wconf 83' lang='lat' dir='ltr'><strong>varias,</strong></span> <span class='ocrx_word' id='word_1_40' title='bbox 341 1763 383 1827; x_wconf 91' lang='lat' dir='ltr'><strong>ad</strong></span> <span class='ocrx_word' id='word_1_41' title='bbox 413 1784 493 1845; x_wconf 84' lang='lat' dir='ltr'><strong>quas</strong></span> <span class='ocrx_word' id='word_1_42' title='bbox 524 1764 564 1830; x_wconf 94' lang='lat' dir='ltr'><strong>ob</strong></span> <span class='ocrx_word' id='word_1_43' title='bbox 597 1786 667 1830; x_wconf 90' lang='lat' dir='ltr'><strong>eam</strong></span> <span class='ocrx_word' id='word_1_44' title='bbox 697 1785 828 1830; x_wconf 86' lang='lat' dir='ltr'><strong>causam</strong></span> <span class='ocrx_word' id='word_1_45' title='bbox 857 1766 945 1830; x_wconf 84' lang='lat' dir='ltr'><strong>docti</strong></span> <span class='ocrx_word' id='word_1_46' title='bbox 973 1763 1107 1829; x_wconf 86' lang='lat' dir='ltr'><strong>abducti</strong></span> <span class='ocrx_word' id='word_1_47' title='bbox 1135 1770 1211 1829; x_wconf 88' lang='lat' dir='ltr'><strong>sunt</strong></span> <span class='ocrx_word' id='word_1_48' title='bbox 1241 1785 1314 1829; x_wconf 91' lang='lat' dir='ltr'><strong>con-</strong></span> 
     </span>
     <span class='ocr_line' id='line_1_8' title="bbox 187 1863 1315 1953; baseline 0 -23"><span class='ocrx_word' id='word_1_49' title='bbox 187 1866 343 1949; x_wconf 88' lang='lat' dir='ltr'><strong>jecturas,</strong></span> <span class='ocrx_word' id='word_1_50' title='bbox 377 1886 475 1948; x_wconf 91' lang='lat' dir='ltr'><strong>quam</strong></span> <span class='ocrx_word' id='word_1_51' title='bbox 498 1863 702 1953; x_wconf 84' lang='grc' dir='ltr'><em>είσαγγελίηι.</em></span> <span class='ocrx_word' id='word_1_52' title='bbox 746 1867 809 1932; x_wconf 85' lang='lat' dir='ltr'><strong>Sed</strong></span> <span class='ocrx_word' id='word_1_53' title='bbox 832 1867 936 1932; x_wconf 86' lang='lat' dir='ltr'><strong>offusa</strong></span> <span class='ocrx_word' id='word_1_54' title='bbox 957 1873 1028 1931; x_wconf 82' lang='lat' dir='ltr'><strong>crat</strong></span> <span class='ocrx_word' id='word_1_55' title='bbox 1049 1866 1130 1931; x_wconf 88' lang='lat' dir='ltr'><strong>haec</strong></span> <span class='ocrx_word' id='word_1_56' title='bbox 1151 1866 1315 1951; x_wconf 89' lang='lat' dir='ltr'><strong>profunda</strong></span> 
     </span>
     <span class='ocr_line' id='line_1_9' title="bbox 190 1967 1315 2055; baseline 0.003 -24"><span class='ocrx_word' id='word_1_57' title='bbox 190 1991 264 2051; x_wconf 85' lang='lat' dir='ltr'><strong>nox,</strong></span> <span class='ocrx_word' id='word_1_58' title='bbox 289 1967 410 2052; x_wconf 89' lang='lat' dir='ltr'><strong>quippe</strong></span> <span class='ocrx_word' id='word_1_59' title='bbox 423 1969 510 2050; x_wconf 92' lang='lat' dir='ltr'><strong>quod</strong></span> <span class='ocrx_word' id='word_1_60' title='bbox 521 1970 661 2053; x_wconf 88' lang='lat' dir='ltr'><strong>repertis</strong></span> <span class='ocrx_word' id='word_1_61' title='bbox 674 1969 865 2054; x_wconf 82' lang='lat' dir='ltr'><strong>fragmentis</strong></span> <span class='ocrx_word' id='word_1_62' title='bbox 876 1969 1068 2055; x_wconf 87' lang='lat' dir='ltr'><strong>Hyperideis</strong></span> <span class='ocrx_word' id='word_1_63' title='bbox 1079 1990 1196 2034; x_wconf 78' lang='lat' dir='ltr'><strong>novam</strong></span> <span class='ocrx_word' id='word_1_64' title='bbox 1209 1969 1315 2035; x_wconf 88' lang='lat' dir='ltr'><strong>lucem</strong></span> 
     </span>
     <span class='ocr_line' id='line_1_10' title="bbox 192 2069 1315 2156; baseline 0.002 -22"><span class='ocrx_word' id='word_1_65' title='bbox 192 2070 319 2136; x_wconf 90' lang='lat' dir='ltr'><strong>difficili</strong></span> <span class='ocrx_word' id='word_1_66' title='bbox 341 2069 417 2134; x_wconf 92' lang='lat' dir='ltr'><strong>huic</strong></span> <span class='ocrx_word' id='word_1_67' title='bbox 439 2072 486 2135; x_wconf 89' lang='lat' dir='ltr'><strong>rei</strong></span> <span class='ocrx_word' id='word_1_68' title='bbox 507 2071 617 2136; x_wconf 86' lang='lat' dir='ltr'><strong>afferri</strong></span> <span class='ocrx_word' id='word_1_69' title='bbox 629 2093 786 2139; x_wconf 86' lang='lat' dir='ltr'><strong>censeam.</strong></span> <span class='ocrx_word' id='word_1_70' title='bbox 817 2073 949 2138; x_wconf 87' lang='lat' dir='ltr'><strong>Detota</strong></span> <span class='ocrx_word' id='word_1_71' title='bbox 970 2072 1032 2136; x_wconf 91' lang='lat' dir='ltr'><strong>hac</strong></span> <span class='ocrx_word' id='word_1_72' title='bbox 1054 2073 1125 2156; x_wconf 82' lang='lat' dir='ltr'><strong>lege</strong></span> <span class='ocrx_word' id='word_1_73' title='bbox 1148 2072 1315 2156; x_wconf 86' lang='lat' dir='ltr'><strong>disputare</strong></span> 
     </span>
     <span class='ocr_line' id='line_1_11' title="bbox 192 2173 1315 2260; baseline 0 -22"><span class='ocrx_word' id='word_1_74' title='bbox 192 2195 257 2238; x_wconf 93' lang='lat' dir='ltr'><strong>non</strong></span> <span class='ocrx_word' id='word_1_75' title='bbox 285 2173 362 2237; x_wconf 90' lang='lat' dir='ltr'><strong>licet</strong></span> <span class='ocrx_word' id='word_1_76' title='bbox 390 2179 527 2257; x_wconf 89' lang='lat' dir='ltr'><strong>propter</strong></span> <span class='ocrx_word' id='word_1_77' title='bbox 556 2181 712 2259; x_wconf 84' lang='lat' dir='ltr'><strong>angustos</strong></span> <span class='ocrx_word' id='word_1_78' title='bbox 742 2175 833 2260; x_wconf 81' lang='lat' dir='ltr'><strong>fines,</strong></span> <span class='ocrx_word' id='word_1_79' title='bbox 865 2175 982 2259; x_wconf 88' lang='lat' dir='ltr'><strong>quibus</strong></span> <span class='ocrx_word' id='word_1_80' title='bbox 1012 2175 1065 2240; x_wconf 91' lang='lat' dir='ltr'><strong>hic</strong></span> <span class='ocrx_word' id='word_1_81' title='bbox 1094 2174 1224 2240; x_wconf 89' lang='lat' dir='ltr'><strong>libellus</strong></span> <span class='ocrx_word' id='word_1_82' title='bbox 1254 2175 1315 2239; x_wconf 90' lang='lat' dir='ltr'><strong>cir-</strong></span> 
     </span>
     <span class='ocr_line' id='line_1_12' title="bbox 193 2274 1316 2362; baseline 0.002 -22"><span class='ocrx_word' id='word_1_83' title='bbox 193 2274 455 2340; x_wconf 86' lang='lat' dir='ltr'><strong>cumscribendus</strong></span> <span class='ocrx_word' id='word_1_84' title='bbox 486 2282 552 2360; x_wconf 66' lang='grc' dir='ltr'><em>θείς</em></span> <span class='ocrx_word' id='word_1_85' title='bbox 582 2278 617 2342; x_wconf 92' lang='lat' dir='ltr'><strong>id</strong></span> <span class='ocrx_word' id='word_1_86' title='bbox 638 2285 767 2344; x_wconf 83' lang='lat' dir='ltr'><strong>tantum</strong></span> <span class='ocrx_word' id='word_1_87' title='bbox 790 2279 995 2362; x_wconf 88' lang='lat' dir='ltr'><strong>propositum</strong></span> <span class='ocrx_word' id='word_1_88' title='bbox 1016 2278 1136 2360; x_wconf 87' lang='lat' dir='ltr'><strong>habe0,</strong></span> <span class='ocrx_word' id='word_1_89' title='bbox 1165 2283 1203 2342; x_wconf 89' lang='lat' dir='ltr'><strong>ut</strong></span> <span class='ocrx_word' id='word_1_90' title='bbox 1225 2278 1316 2342; x_wconf 84' lang='lat' dir='ltr'><strong>adhi-</strong></span> 
     </span>
     <span class='ocr_line' id='line_1_13' title="bbox 191 2377 1316 2465; baseline 0.001 -22"><span class='ocrx_word' id='word_1_91' title='bbox 191 2377 286 2443; x_wconf 87' lang='lat' dir='ltr'><strong>beam</strong></span> <span class='ocrx_word' id='word_1_92' title='bbox 312 2377 355 2441; x_wconf 94' lang='lat' dir='ltr'><strong>ad</strong></span> <span class='ocrx_word' id='word_1_93' title='bbox 376 2377 461 2443; x_wconf 89' lang='lat' dir='ltr'><strong>hanc</strong></span> <span class='ocrx_word' id='word_1_94' title='bbox 484 2381 718 2465; x_wconf 83' lang='lat' dir='ltr'><strong>quaestionem,</strong></span> <span class='ocrx_word' id='word_1_95' title='bbox 747 2381 827 2464; x_wconf 90' lang='lat' dir='ltr'><strong>quid</strong></span> <span class='ocrx_word' id='word_1_96' title='bbox 857 2383 932 2447; x_wconf 88' lang='lat' dir='ltr'><strong>novi</strong></span> <span class='ocrx_word' id='word_1_97' title='bbox 954 2380 1160 2446; x_wconf 83' lang='lat' dir='ltr'><strong>didicerimus</strong></span> <span class='ocrx_word' id='word_1_98' title='bbox 1183 2386 1316 2446; x_wconf 88' lang='lat' dir='ltr'><strong>auctore</strong></span> 
     </span>
     <span class='ocr_line' id='line_1_14' title="bbox 158 2480 366 2564; baseline -0.01 -18"><span class='ocrx_word' id='word_1_99' title='bbox 158 2539 160 2546; x_wconf 93' lang='lat'><strong>.</strong></span> <span class='ocrx_word' id='word_1_100' title='bbox 191 2480 366 2564; x_wconf 86' lang='lat' dir='ltr'><strong>Hyperide.</strong></span> 
     </span>
    </p>

    <p class='ocr_par' dir='ltr' id='par_1_6' title="bbox 103 2582 1318 3800">
     <span class='ocr_line' id='line_1_15' title="bbox 277 2582 1316 2670; baseline 0.002 -24"><span class='ocrx_word' id='word_1_101' title='bbox 277 2582 323 2648; x_wconf 90' lang='lat' dir='ltr'><strong>Ut</strong></span> <span class='ocrx_word' id='word_1_102' title='bbox 343 2583 455 2667; x_wconf 88' lang='lat' dir='ltr'><strong>plures</strong></span> <span class='ocrx_word' id='word_1_103' title='bbox 478 2590 572 2648; x_wconf 82' lang='lat' dir='ltr'><strong>erant</strong></span> <span class='ocrx_word' id='word_1_104' title='bbox 583 2585 720 2651; x_wconf 84' lang='lat' dir='ltr'><strong>Athenis</strong></span> <span class='ocrx_word' id='word_1_105' title='bbox 743 2586 986 2652; x_wconf 87' lang='lat' dir='ltr'><strong>accusationum</strong></span> <span class='ocrx_word' id='word_1_106' title='bbox 998 2585 1132 2670; x_wconf 86' lang='lat' dir='ltr'><strong>species,</strong></span> <span class='ocrx_word' id='word_1_107' title='bbox 1155 2583 1203 2648; x_wconf 87' lang='lat' dir='ltr'><strong>ita</strong></span> <span class='ocrx_word' id='word_1_108' title='bbox 1218 2584 1316 2648; x_wconf 86' lang='lat' dir='ltr'><strong>etiarn</strong></span> 
     </span>
     <span class='ocr_line' id='line_1_16' title="bbox 192 2682 1316 2772; baseline -0.002 -23"><span class='ocrx_word' id='word_1_109' title='bbox 192 2686 303 2770; x_wconf 88' lang='lat' dir='ltr'><strong>plures</strong></span> <span class='ocrx_word' id='word_1_110' title='bbox 326 2707 438 2751; x_wconf 90' lang='lat' dir='ltr'><strong>earum</strong></span> <span class='ocrx_word' id='word_1_111' title='bbox 460 2688 710 2771; x_wconf 84' lang='lat' dir='ltr'><strong>appellationes,</strong></span> <span class='ocrx_word' id='word_1_112' title='bbox 739 2688 826 2753; x_wconf 83' lang='lat' dir='ltr'><strong>inter</strong></span> <span class='ocrx_word' id='word_1_113' title='bbox 848 2711 929 2772; x_wconf 89' lang='lat' dir='ltr'><strong>quas</strong></span> <span class='ocrx_word' id='word_1_114' title='bbox 951 2709 1018 2753; x_wconf 87' lang='lat' dir='ltr'><strong>una</strong></span> <span class='ocrx_word' id='word_1_115' title='bbox 1040 2693 1089 2752; x_wconf 88' lang='lat' dir='ltr'><strong>est</strong></span> <span class='ocrx_word' id='word_1_116' title='bbox 1111 2682 1316 2771; x_wconf 75' lang='grc' dir='ltr'><em>εἰσαγγελία.</em></span> 
     </span>
     <span class='ocr_line' id='line_1_17' title="bbox 193 2788 1316 2875; baseline -0.001 -21"><span class='ocrx_word' id='word_1_117' title='bbox 193 2788 257 2854; x_wconf 86' lang='lat' dir='ltr'><strong>Sed</strong></span> <span class='ocrx_word' id='word_1_118' title='bbox 287 2791 423 2873; x_wconf 82' lang='lat' dir='ltr'><strong>nequis</strong></span> <span class='ocrx_word' id='word_1_119' title='bbox 454 2790 567 2854; x_wconf 86' lang='lat' dir='ltr'><strong>credat</strong></span> <span class='ocrx_word' id='word_1_120' title='bbox 596 2790 660 2855; x_wconf 92' lang='lat' dir='ltr'><strong>huc</strong></span> <span class='ocrx_word' id='word_1_121' title='bbox 688 2792 854 2875; x_wconf 86' lang='lat' dir='ltr'><strong>pertinere</strong></span> <span class='ocrx_word' id='word_1_122' title='bbox 883 2813 992 2856; x_wconf 85' lang='lat' dir='ltr'><strong>omnes</strong></span> <span class='ocrx_word' id='word_1_123' title='bbox 1023 2791 1107 2874; x_wconf 79' lang='grc'>11100,</span> <span class='ocrx_word' id='word_1_124' title='bbox 1136 2788 1316 2872; x_wconf 88' lang='lat' dir='ltr'><strong>dequibus</strong></span> 
     </span>
     <span class='ocr_line' id='line_1_18' title="bbox 193 2885 1316 2978; baseline 0 -22"><span class='ocrx_word' id='word_1_125' title='bbox 193 2888 424 2978; x_wconf 73' lang='grc' dir='ltr'><em>εἰσαγγέλλειν</em></span> <span class='ocrx_word' id='word_1_126' title='bbox 445 2915 469 2956; x_wconf 87' lang='lat' dir='ltr'><strong>s.</strong></span> <span class='ocrx_word' id='word_1_127' title='bbox 494 2885 689 2978; x_wconf 75' lang='grc' dir='ltr'><em>εἰσαγγελία</em></span> <span class='ocrx_word' id='word_1_128' title='bbox 721 2895 887 2977; x_wconf 80' lang='lat' dir='ltr'><strong>dicantur,</strong></span> <span class='ocrx_word' id='word_1_129' title='bbox 916 2894 977 2958; x_wconf 92' lang='lat' dir='ltr'><strong>hoc</strong></span> <span class='ocrx_word' id='word_1_130' title='bbox 1008 2914 1139 2976; x_wconf 83' lang='lat' dir='ltr'><strong>monce,</strong></span> <span class='ocrx_word' id='word_1_131' title='bbox 1168 2913 1316 2957; x_wconf 91' lang='lat' dir='ltr'><strong>nonnun—</strong></span> 
     </span>
     <span class='ocr_line' id='line_1_19' title="bbox 195 2993 1317 3080; baseline 0.002 -22"><span class='ocrx_word' id='word_1_132' title='bbox 195 3015 292 3077; x_wconf 91' lang='lat' dir='ltr'><strong>quam</strong></span> <span class='ocrx_word' id='word_1_133' title='bbox 323 2993 383 3057; x_wconf 92' lang='lat' dir='ltr'><strong>has</strong></span> <span class='ocrx_word' id='word_1_134' title='bbox 411 3015 505 3060; x_wconf 82' lang='lat' dir='ltr'><strong>voces</strong></span> <span class='ocrx_word' id='word_1_135' title='bbox 534 2996 621 3060; x_wconf 91' lang='lat' dir='ltr'><strong>idem</strong></span> <span class='ocrx_word' id='word_1_136' title='bbox 650 2996 833 3080; x_wconf 82' lang='lat' dir='ltr'><strong>significare</strong></span> <span class='ocrx_word' id='word_1_137' title='bbox 864 3000 963 3079; x_wconf 86' lang='lat' dir='ltr'><strong>atque</strong></span> <span class='ocrx_word' id='word_1_138' title='bbox 985 2993 1134 3078; x_wconf 79' lang='grc' dir='ltr'><em>μηνύειν,</em></span> <span class='ocrx_word' id='word_1_139' title='bbox 1162 2995 1317 3078; x_wconf 79' lang='grc' dir='ltr'><em>μήνυσιν,</em></span> 
     </span>
     <span class='ocr_line' id='line_1_20' title="bbox 194 3095 1317 3181; baseline 0 -21"><span class='ocrx_word' id='word_1_140' title='bbox 194 3118 266 3162; x_wconf 88' lang='lat' dir='ltr'><strong>curn</strong></span> <span class='ocrx_word' id='word_1_141' title='bbox 295 3095 549 3180; x_wconf 82' lang='lat' dir='ltr'><strong>significationes</strong></span> <span class='ocrx_word' id='word_1_142' title='bbox 578 3120 689 3163; x_wconf 89' lang='lat' dir='ltr'><strong>earum</strong></span> <span class='ocrx_word' id='word_1_143' title='bbox 718 3121 784 3164; x_wconf 93' lang='lat' dir='ltr'><strong>non</strong></span> <span class='ocrx_word' id='word_1_144' title='bbox 816 3099 924 3163; x_wconf 93' lang='lat' dir='ltr'><strong>minus</strong></span> <span class='ocrx_word' id='word_1_145' title='bbox 954 3099 1021 3162; x_wconf 88' lang='lat' dir='ltr'><strong>late</strong></span> <span class='ocrx_word' id='word_1_146' title='bbox 1051 3102 1188 3181; x_wconf 83' lang='lat' dir='ltr'><strong>pateant</strong></span> <span class='ocrx_word' id='word_1_147' title='bbox 1217 3102 1317 3181; x_wconf 86' lang='lat' dir='ltr'><strong>atque</strong></span> 
     </span>
     <span class='ocr_line' id='line_1_21' title="bbox 192 3198 1318 3283; baseline -0.002 -20"><span class='ocrx_word' id='word_1_148' title='bbox 192 3198 385 3264; x_wconf 82' lang='lat' dir='ltr'><strong>Latinorum</strong></span> <span class='ocrx_word' id='word_1_149' title='bbox 407 3199 595 3283; x_wconf 73' lang='lat' dir='ltr'><strong>‚deferendi</strong></span> <span class='ocrx_word' id='word_1_150' title='bbox 619 3200 836 3282; x_wconf 80' lang='lat' dir='ltr'><strong>delationis’.1)</strong></span> <span class='ocrx_word' id='word_1_151' title='bbox 873 3200 995 3265; x_wconf 85' lang='lat' dir='ltr'><strong>Andoc.</strong></span> <span class='ocrx_word' id='word_1_152' title='bbox 1017 3200 1042 3264; x_wconf 94' lang='grc'>1.</span> <span class='ocrx_word' id='word_1_153' title='bbox 1063 3201 1122 3264; x_wconf 80' lang='lat'><strong>37:</strong></span> <span class='ocrx_word' id='word_1_154' title='bbox 1153 3199 1318 3283; x_wconf 76' lang='grc' dir='ltr'><em>ἐπαρθεὶς</em></span> 
     </span>
     <span class='ocr_line' id='line_1_22' title="bbox 194 3292 1318 3389; baseline 0 -25"><span class='ocrx_word' id='word_1_155' title='bbox 194 3292 345 3376; x_wconf 78' lang='grc' dir='ltr'><em>οὖντοῖς</em></span> <span class='ocrx_word' id='word_1_156' title='bbox 367 3301 427 3380; x_wconf 81' lang='grc' dir='ltr'><strong>της</strong></span> <span class='ocrx_word' id='word_1_157' title='bbox 448 3300 577 3378; x_wconf 83' lang='grc' dir='ltr'><em>πόλεως</em></span> <span class='ocrx_word' id='word_1_158' title='bbox 598 3311 716 3378; x_wconf 86' lang='grc' dir='ltr'><em>κακοῖς</em></span> <span class='ocrx_word' id='word_1_159' title='bbox 738 3298 947 3389; x_wconf 70' lang='grc' dir='ltr'><em>εἰσαγγέλλει</em></span> <span class='ocrx_word' id='word_1_160' title='bbox 962 3301 1166 3380; x_wconf 81' lang='grc' dir='ltr'><em>Διοκλείδης</em></span> <span class='ocrx_word' id='word_1_161' title='bbox 1187 3295 1233 3371; x_wconf 82' lang='grc' dir='ltr'><em>είς</em></span> <span class='ocrx_word' id='word_1_162' title='bbox 1256 3299 1318 3378; x_wconf 80' lang='grc' dir='ltr'><strong>την</strong></span> 
     </span>
     <span class='ocr_line' id='line_1_23' title="bbox 192 3389 1316 3491; baseline -0.002 -23"><span class='ocrx_word' id='word_1_163' title='bbox 192 3402 317 3491; x_wconf 81' lang='grc' dir='ltr'><em>βουλήν</em></span> <span class='ocrx_word' id='word_1_164' title='bbox 340 3410 399 3469; x_wconf 87' lang='lat' dir='ltr'><strong>etc.</strong></span> <span class='ocrx_word' id='word_1_165' title='bbox 429 3409 456 3485; x_wconf 64' lang='grc' dir='ltr'><strong>ξ.</strong></span> <span class='ocrx_word' id='word_1_166' title='bbox 479 3405 537 3468; x_wconf 76' lang='grc' dir='ltr'><strong>42ε</strong></span> <span class='ocrx_word' id='word_1_167' title='bbox 565 3399 657 3482; x_wconf 81' lang='grc' dir='ltr'><em>ἥκειν</em></span> <span class='ocrx_word' id='word_1_168' title='bbox 687 3389 747 3469; x_wconf 80' lang='grc' dir='ltr'><strong>οὖν</strong></span> <span class='ocrx_word' id='word_1_169' title='bbox 768 3405 925 3488; x_wconf 79' lang='grc' dir='ltr'><em>μηνύσων</em></span> <span class='ocrx_word' id='word_1_170' title='bbox 948 3405 990 3470; x_wconf 68' lang='lat' dir='ltr'><strong>w*</strong></span> <span class='ocrx_word' id='word_1_171' title='bbox 1022 3401 1185 3491; x_wconf 85' lang='grc' dir='ltr'><em>γενόμενα</em></span> <span class='ocrx_word' id='word_1_172' title='bbox 1207 3408 1235 3484; x_wconf 62' lang='grc' dir='ltr'><strong>ξ.</strong></span> <span class='ocrx_word' id='word_1_173' title='bbox 1258 3403 1316 3466; x_wconf 86' lang='grc'><strong>43;</strong></span> 
     </span>
     <span class='ocr_line' id='line_1_24' title="bbox 103 3502 1318 3594; baseline 0.001 -26"><span class='ocrx_word' id='word_1_174' title='bbox 103 3545 105 3550; x_wconf 92' lang='grc'>-</span> <span class='ocrx_word' id='word_1_175' title='bbox 193 3502 214 3584; x_wconf 79' lang='grc' dir='ltr'><em>η</em></span> <span class='ocrx_word' id='word_1_176' title='bbox 238 3509 299 3588; x_wconf 81' lang='grc' dir='ltr'><strong>μὲν</strong></span> <span class='ocrx_word' id='word_1_177' title='bbox 321 3502 516 3591; x_wconf 76' lang='grc' dir='ltr'><em>εἰσαγγελία</em></span> <span class='ocrx_word' id='word_1_178' title='bbox 539 3505 648 3571; x_wconf 79' lang='grc' dir='ltr'><em>αὐτῶν</em></span> <span class='ocrx_word' id='word_1_179' title='bbox 672 3505 845 3589; x_wconf 55' lang='grc' dir='ltr'><em>ιοιαύτηλ)</em></span> <span class='ocrx_word' id='word_1_180' title='bbox 870 3509 943 3592; x_wconf 88' lang='lat' dir='ltr'><strong>Lys.</strong></span> <span class='ocrx_word' id='word_1_181' title='bbox 966 3509 1038 3591; x_wconf 87' lang='lat' dir='ltr'>XII,</span> <span class='ocrx_word' id='word_1_182' title='bbox 1058 3509 1117 3573; x_wconf 81' lang='lat'><strong>48:</strong></span> <span class='ocrx_word' id='word_1_183' title='bbox 1141 3505 1260 3572; x_wconf 75' lang='grc' dir='ltr'><em>ἔπειτα</em></span> <span class='ocrx_word' id='word_1_184' title='bbox 1277 3505 1318 3594; x_wconf 74' lang='grc' dir='ltr'><strong>τῇ</strong></span> 
     </span>
     <span class='ocr_line' id='line_1_25' title="bbox 192 3605 1317 3698; baseline 0.001 -27"><span class='ocrx_word' id='word_1_185' title='bbox 192 3608 292 3698; x_wconf 81' lang='grc' dir='ltr'><em>βουλῇ</em></span> <span class='ocrx_word' id='word_1_186' title='bbox 328 3605 481 3692; x_wconf 75' lang='grc' dir='ltr'><em>μηνυτην</em></span> <span class='ocrx_word' id='word_1_187' title='bbox 508 3607 693 3694; x_wconf 77' lang='grc' dir='ltr'><em>γίγνεσθαι</em></span> <span class='ocrx_word' id='word_1_188' title='bbox 721 3612 795 3696; x_wconf 79' lang='grc' dir='ltr'><em>περὶ</em></span> <span class='ocrx_word' id='word_1_189' title='bbox 824 3614 890 3674; x_wconf 82' lang='grc' dir='ltr'><strong>τῶν</strong></span> <span class='ocrx_word' id='word_1_190' title='bbox 919 3609 1135 3696; x_wconf 84' lang='grc' dir='ltr'><em>εἰσαγγελιῶν</em></span> <span class='ocrx_word' id='word_1_191' title='bbox 1166 3606 1317 3688; x_wconf 78' lang='grc' dir='ltr'><em>ἁπασῶν,</em></span> 
     </span>
     <span class='ocr_line' id='line_1_26' title="bbox 192 3700 1317 3800; baseline 0 -27"><span class='ocrx_word' id='word_1_192' title='bbox 192 3704 247 3774; x_wconf 85' lang='grc' dir='ltr'><strong>ὅτι</strong></span> <span class='ocrx_word' id='word_1_193' title='bbox 269 3711 406 3794; x_wconf 79' lang='grc' dir='ltr'><em>ψευδεῖς</em></span> <span class='ocrx_word' id='word_1_194' title='bbox 428 3700 506 3793; x_wconf 85' lang='grc' dir='ltr'><em>εἷεν,</em></span> <span class='ocrx_word' id='word_1_195' title='bbox 530 3714 587 3774; x_wconf 84' lang='grc' dir='ltr'><strong>καὶ</strong></span> <span class='ocrx_word' id='word_1_196' title='bbox 610 3709 785 3800; x_wconf 79' lang='grc' dir='ltr'><em>Βάτραχος</em></span> <span class='ocrx_word' id='word_1_197' title='bbox 807 3715 864 3776; x_wconf 86' lang='grc' dir='ltr'><strong>καὶ</strong></span> <span class='ocrx_word' id='word_1_198' title='bbox 881 3711 1089 3800; x_wconf 83' lang='grc' dir='ltr'><em>Αἰσχυλίδης</em></span> <span class='ocrx_word' id='word_1_199' title='bbox 1112 3711 1151 3777; x_wconf 82' lang='grc' dir='ltr'><strong>ου’</strong></span> <span class='ocrx_word' id='word_1_200' title='bbox 1173 3709 1317 3788; x_wconf 75' lang='grc' dir='ltr'><em>τιίληθῆ</em></span> 
     </span>
    </p>
   </div>
   <div class='ocr_carea' id='block_1_6' title="bbox 193 3882 1318 4128">
    <p class='ocr_par' dir='ltr' id='par_1_7' title="bbox 193 3882 1318 4128">
     <span class='ocr_line' id='line_1_27' title="bbox 263 3882 1318 3954; baseline -0.002 -18"><span class='ocrx_word' id='word_1_201' title='bbox 263 3883 283 3954; x_wconf 88' lang='lat'><strong>¹)</strong></span> <span class='ocrx_word' id='word_1_202' title='bbox 302 3882 424 3937; x_wconf 85' lang='lat' dir='ltr'><strong>Schoem.</strong></span> <span class='ocrx_word' id='word_1_203' title='bbox 450 3883 483 3936; x_wconf 89' lang='lat' dir='ltr'><strong>de</strong></span> <span class='ocrx_word' id='word_1_204' title='bbox 507 3883 596 3936; x_wconf 85' lang='lat' dir='ltr'><strong>comit.</strong></span> <span class='ocrx_word' id='word_1_205' title='bbox 620 3901 648 3954; x_wconf 94' lang='lat' dir='ltr'><strong>p.</strong></span> <span class='ocrx_word' id='word_1_206' title='bbox 670 3887 727 3939; x_wconf 86' lang='grc'>181.</span> <span class='ocrx_word' id='word_1_207' title='bbox 754 3884 865 3938; x_wconf 87' lang='lat' dir='ltr'><strong>Herald.</strong></span> <span class='ocrx_word' id='word_1_208' title='bbox 885 3883 1016 3938; x_wconf 85' lang='lat' dir='ltr'><strong>animadv.</strong></span> <span class='ocrx_word' id='word_1_209' title='bbox 1037 3884 1071 3937; x_wconf 86' lang='lat' dir='ltr'><strong>ad</strong></span> <span class='ocrx_word' id='word_1_210' title='bbox 1089 3882 1201 3937; x_wconf 77' lang='lat' dir='ltr'><strong>Salmas.</strong></span> <span class='ocrx_word' id='word_1_211' title='bbox 1219 3882 1282 3936; x_wconf 89' lang='lat' dir='ltr'><strong>VH.</strong></span> <span class='ocrx_word' id='word_1_212' title='bbox 1300 3883 1318 3934; x_wconf 85' lang='lat'>4</span> 
     </span>
     <span class='ocr_line' id='line_1_28' title="bbox 193 3972 1248 4128; baseline 0.001 -19"><span class='ocrx_word' id='word_1_213' title='bbox 193 3983 220 4038; x_wconf 47' lang='lat' dir='ltr'><strong>p·</strong></span> <span class='ocrx_word' id='word_1_214' title='bbox 239 3972 547 4123; x_wconf 59' lang='grc' dir='ltr'>2Ξ11110110000110001.</span> <span class='ocrx_word' id='word_1_215' title='bbox 568 4054 601 4108; x_wconf 87' lang='lat' dir='ltr'><strong>G.</strong></span> <span class='ocrx_word' id='word_1_216' title='bbox 622 4056 655 4108; x_wconf 91' lang='lat' dir='ltr'><strong>F.</strong></span> <span class='ocrx_word' id='word_1_217' title='bbox 674 4055 871 4126; x_wconf 81' lang='lat' dir='ltr'><strong>Hertzbergum</strong></span> <span class='ocrx_word' id='word_1_218' title='bbox 889 4055 1058 4123; x_wconf 87' lang='lat' dir='ltr'><strong>,Alcibiades’</strong></span> <span class='ocrx_word' id='word_1_219' title='bbox 1076 4075 1104 4128; x_wconf 90' lang='lat' dir='ltr'><strong>p.</strong></span> <span class='ocrx_word' id='word_1_220' title='bbox 1124 4059 1173 4113; x_wconf 84' lang='lat'><strong>190</strong></span> <span class='ocrx_word' id='word_1_221' title='bbox 1190 4074 1248 4128; x_wconf 85' lang='lat' dir='ltr'><strong>sqq.</strong></span> 
     </span>
    </p>
   </div>
   <div class='ocr_carea' id='block_1_7' title="bbox 0 0 1606 5002">
    <p class='ocr_par' dir='ltr' id='par_1_8' title="bbox 0 0 1606 5002">
     <span class='ocr_line' id='line_1_29' title="bbox 0 0 1606 5002; baseline 0 0"><span class='ocrx_word' id='word_1_222' title='bbox 0 0 1606 5002; x_wconf 95' lang='lat' dir='ltr'><strong> </strong></span> 
     </span>
    </p>
   </div>
  </div>
 </body>
</html>
