3190 5002
736 331 949 394 ...55-

280 525 312 588 p.
323 505 395 586 322,
407 507 436 568 λλ.
459 498 605 568 Titulum
616 499 695 586 πρὸς
704 503 768 580 τήν
782 498 993 584 εἰσαγγελίαν
1012 501 1086 584 περὶ
1107 503 1166 564 τοῦ
1177 498 1223 582 μή
1237 496 1402 566 δίδοσθαι

282 608 326 691 σιξ
345 603 501 695 α’ὃυνάεῳ
516 603 674 689 α’ργύριον
686 593 841 687 Lysiacae
860 603 1026 684 orationis,
1048 623 1131 684 quae
1151 601 1404 684 Harpocrationi

282 711 317 773 in
340 709 523 791 suspicione
545 711 606 788 est,
626 704 746 770 falsum
768 726 837 770 esse
860 711 1013 789 apparet3
1037 708 1142 786 neque
1165 705 1273 787 potuit
1285 705 1345 768 tali
1369 707 1402 768 in

280 831 315 875 re
337 830 397 893 per
418 803 630 892 εἰσαγγελίαν
659 807 806 872 accusari
837 827 942 890 neque
970 806 1092 870 mentio
1120 811 1170 870 est
1199 807 1231 870 in
1256 808 1402 871 oratione

281 914 354 995 ipsa
367 906 561 994 εἰσαγγελία
577 931 601 973 s.
619 902 825 993 εἰσαγγὲλειν
840 930 961 974 vocum.
977 907 1082 972 Affert
1094 907 1291 972 Plutarchus
1301 909 1403 973 Alcib.

281 1035 307 1078 o.
336 1015 377 1077 22
407 1011 447 1076 of.
476 1034 502 1077 c.
527 1013 566 1076 19
598 1003 813 1092 εἰσαγγελίαν
843 1009 1051 1097 α’σεβείαςςῑ)
1088 1008 1216 1074 diversa
1245 1016 1295 1074 est
1325 1010 1404 1075 haec

282 1136 380 1180 causa
401 1113 442 1179 ab
460 1114 625 1179 Isocrates
648 1112 758 1192 (Isocr.
781 1112 867 1194 XVI,
889 1115 922 1192 3)
946 1111 986 1176 cf.
1008 1110 1212 1194 Hertzbergii
1234 1118 1404 1178 comment.

283 1218 322 1281 de
346 1216 513 1280 Alcibiade
542 1241 573 1300 p.
604 1215 674 1279 175.
717 1213 911 1297 Priusquam
941 1213 1054 1278 classis
1084 1213 1174 1295 exiit,
1203 1214 1405 1279 Alcibiadem

283 1319 402 1383 detulit
424 1318 612 1399 Androcles,
643 1316 730 1400 quod
760 1317 969 1382 sodalitatem
998 1315 1215 1380 contraxisset
1245 1317 1287 1382 ad
1319 1339 1404 1382 ever-

283 1420 417 1485 tendum
439 1425 560 1484 statum
583 1419 774 1502 popularem
797 1424 830 1482 et
852 1418 1059 1500 profanasset
1079 1418 1234 1502 mysteria
1254 1419 1290 1482 in
1312 1416 1404 1502 Poly-

283 1522 383 1586 tionis
413 1523 524 1603 dom03
556 1510 653 1604 quam
675 1518 871 1583 Plutarchus
901 1525 1015 1584 narrat
1044 1519 1135 1584 litem
1157 1526 1273 1603 postea
1292 1521 1406 1585 intulit

284 1623 470 1706 Thessalus
493 1622 580 1705 quod
602 1622 689 1686 dorni
711 1642 789 1685 snae
807 1620 993 1686 Alcibiades
1015 1621 1221 1706 profanasset
1241 1621 1405 1706 mysteria.

283 1726 332 1790 De
354 1725 536 1808 impietatis
555 1718 754 1807 εἰσαγγελία
784 1724 921 1808 cogitari
949 1745 1013 1788 non
1035 1745 1141 1809 posse,
1169 1723 1367 1808 intelligitur
1390 1745 1407 1789 e

285 1828 355 1891 loco
386 1828 443 1892 illo
473 1827 657 1911 Hyperideo
691 1826 765 1911 (pro
795 1826 876 1890 Eux.
904 1847 930 1890 c.
953 1827 1024 1908 21),
1056 1847 1128 1892 curn
1160 1825 1200 1891 de
1227 1827 1407 1910 impietatis

285 1929 418 1994 erimine
436 1930 507 2012 jam
528 1931 641 2012 egerit,
663 1929 855 2012 priusquam
877 1928 981 2011 legem
1003 1923 1411 2011 a'oayyalmcp'nprofert.¹

284 2030 466 2096 Andocides
495 2032 520 2114 Ι,
545 2032 584 2094 14
615 2037 647 2095 et
674 2030 753 2094 alibi
782 2030 821 2095 de
852 2029 1035 2114 profanatis
1062 2030 1225 2114 mysteriis
1246 2027 1407 2113 μηνύσεις

285 2133 373 2196 dicit.
395 2133 511 2215 Itaque
523 2132 711 2214 Kiesslingii
727 2133 916 2216 conjectura
935 2131 1016 2197 mihi
1037 2153 1101 2196 non
1115 2132 1274 2216 probatur
1287 2131 1407 2214 Lycur-

283 2257 359 2317 gum
381 2256 440 2318 per
462 2229 677 2316 εἰσαγγελίαν
700 2231 860 2318 ἀσεβείας
887 2233 1088 2299 accusavisse
1109 2233 1408 2315 Menesaeohmum3

285 2338 355 2418 ipse
378 2335 519 2400 sensisse
540 2334 680 2430 videtur,
710 2357 775 2400 non
804 2357 899 2418 posse
929 2336 1025 2401 nimis
1048 2335 1149 2401 tribui
1172 2335 1364 2420 fragmentis
1388 2358 1408 2399 a

282 2422 502 2521 grammaticis
525 2442 558 2502 et
579 2435 818 2521 lexicographis
841 2439 988 2521 servatis,
1019 2459 1102 2522 quae
1125 2437 1283 2503 derebus
1306 2439 1407 2502 sacris

284 2547 402 2624 agunt3
436 2538 529 2604 addit
559 2537 659 2604 enim:
690 2539 863 2606 intercedit
895 2539 993 2625 hujus
1023 2541 1180 2606 orationis
1194 2539 1406 2623 *fragmentis

284 2642 451 2707 nonnullis
473 2643 556 2706 mira
578 2641 737 2724 quaedam
760 2643 944 2726 argumenti
967 2644 1116 2726 cognatio
1139 2663 1176 2706 ac
1193 2642 1406 2725 congruentia

283 2768 355 2810 cnm
377 2745 529 2809 Deliacae
552 2744 927 2829 orationisHyperideae
949 2743 1107 2827 reliquiis
1129 2746 1225 2809 itaut
1242 2743 1276 2807 in
1293 2743 1405 2808 eodem

284 2869 450 2912 sacrorum
457 2845 765 2930 genere,Apollinea
777 2847 859 2929 dieo,
869 2851 1042 2930 utramque
1052 2846 1233 2912 orationem
1244 2852 1405 2910 versatam

284 2950 383 3014 fuisse
412 2949 446 3013 in
474 2954 588 3030 aperto
618 2947 671 3012 sit.
715 2948 808 3028 Quod
840 2950 902 3014 etsi
932 2948 972 3014 de
1000 2953 1072 3014 tota
1093 2948 1234 3033 Lycurgi
1257 2948 1405 3013 oratione

283 3051 384 3114 nolim
411 3048 591 3132 affirmare,
623 3057 710 3116 certe
739 3051 933 3117 documento
961 3057 1026 3134 est,
1057 3050 1187 3135 singula
1215 3049 1403 3134 Lycurgeae

283 3152 440 3217 orationis
462 3151 655 3236 fragmenta,
679 3175 762 3236 quae
777 3159 907 3219 servata
918 3157 1060 3235 exstant,
1082 3153 1244 3218 communi
1264 3152 1405 3236 quodam

282 3254 467 3338 argumenti
492 3255 620 3320 vinculo
651 3255 886 3340 comprehensa
913 3276 951 3320 ex
980 3277 1047 3320 una
1076 3255 1224 3340 integrae
1247 3254 1404 3320 orationis

281 3361 376 3438 parte
398 3377 418 3420 a
439 3355 571 3421 rhetore
583 3357 722 3422 fortasse
736 3357 877 3440 quodam
889 3363 1043 3443 excerpta
1054 3356 1165 3440 fuisse,
1188 3357 1274 3422 unde
1287 3356 1403 3421 lexico·

281 3457 399 3541 graphi
412 3456 541 3541 singula
549 3458 647 3524 verba
656 3460 689 3524 in
699 3481 774 3526 suos
788 3460 938 3526 hortulos
951 3459 1157 3525 derivarunt’.
1179 3458 1404 3526 Boehneckius

283 3565 406 3641 quaest.
436 3561 503 3624 Att.
531 3562 546 3624 l
570 3583 601 3644 p.
630 3561 703 3625 549.
745 3561 937 3629 Leocratem
966 3583 986 3627 a
1013 3561 1162 3646 Lycurgo
1190 3558 1317 3637 δειλίας
1345 3582 1404 3644 per

226 3773 233 3792 ,
350 3727 370 3798 ¹)
388 3729 462 3782 nihili
486 3736 526 3783 est
551 3729 595 3782 Ps.
615 3729 687 3783 Plut.
706 3749 734 3802 p.
753 3737 804 3788 834
822 3733 852 3798 C,
872 3749 932 3786 cum
956 3730 993 3785 ibi
1012 3733 1183 3798 εἰσαγγέλλειν
1201 3728 1311 3798 dicatrm,
1331 3731 1403 3802 quod

280 3813 343 3866 alibi
359 3812 468 3882 μηνύειν
490 3832 518 3885 p.
543 3819 594 3870 834
616 3815 653 3869 D.
679 3815 769 3888 [Lys]
786 3818 834 3883 VI,
856 3821 903 3872 112
924 3819 1074 3882 Ἀνδοκίδης
1097 3820 1303 3887 προσεκαλέσατο
1329 3818 1403 3882 δίκην

277 3900 401 3966 ἀσεβείας
420 3901 486 3966 πρὸς
503 3900 550 3954 τὸν
567 3902 675 3967 βασιλέα
689 3911 739 3955 etc.
758 3903 823 3974 quid
834 3904 868 3957 de
878 3902 1024 3958 Andocidis
1040 3903 1218 3957 delationibus
1231 3899 1405 3973 judicandum

277 3993 355 4051 esset,
373 3994 494 4040 accurate
512 3994 540 4040 et
556 3986 648 4040 subtili
660 3985 761 4057 judicio
780 3987 903 4060 exposuit
919 3988 1003 4043 Blass.
1022 3988 1041 4043 l.
1060 3988 1079 4042 l.
1098 4007 1127 4060 p.
1147 3992 1197 4047 272
1214 4007 1253 4060 sq.
