3190 5002
744 391 962 476 -ee-f

291 565 350 651 μὲν
379 560 578 653 ἀνθρώποις
606 565 803 652 γιγνομένοις
825 563 971 648 ἐφορᾶν,
1002 559 1186 647 α’γοὲλματα
1209 565 1246 628 δὲ
1268 568 1325 628 καὶ
1345 566 1410 652 βω-

290 665 377 753 μοιλς
400 669 459 733 καὶ
480 665 582 744 ναούς
604 675 672 743 τοῖς
694 671 755 751 μὲν
777 668 875 740 θεοῖς
896 661 1041 749 α’μελῶς,
1065 673 1134 738 τοῖς
1157 667 1193 731 δὲ
1216 662 1413 751 ἀνθρώποις

290 769 451 855 ἐπιμελῶς
472 763 721 855 συντελούμενα
743 776 802 835 etc.
846 766 1082 833 Demosthenes
1103 773 1141 830 ut
1164 768 1341 833 calumnias
1363 769 1412 832 in-

291 870 447 957 firmaret,
470 875 615 957 rogarit,
637 879 675 938 ut
695 878 800 937 morte
822 870 1009 956 puniretur,
1033 871 1060 934 si
1082 875 1234 954 acceptae
1255 871 1411 955 pecuniae

289 973 423 1040 crimine
445 980 621 1041 teneretur.
665 974 739 1038 Din.
770 974 795 1056 I,
824 974 875 1038 61.
918 971 1003 1055 Hyp.
1025 970 1060 1035 in
1082 971 1172 1036 Dem.
1195 994 1220 1037 o.
1243 973 1300 1055 273
1328 972 1411 1037 nihi-

289 1077 430 1142 lominus
459 1077 563 1143 Arens
591 1097 695 1163 pagus
724 1096 759 1140 re
782 1075 913 1160 cognita
933 1075 1021 1138 inter
1043 1095 1113 1157 eos,
1138 1075 1194 1157 qui
1216 1075 1301 1141 dona
1323 1095 1410 1139 acoe-

288 1179 430 1264 pissent,
459 1178 687 1246 Demosthenis
718 1198 847 1260 quoque
869 1199 986 1242 nomen
1009 1176 1135 1241 detulit.
1179 1177 1298 1242 Decem
1319 1197 1411 1241 accu-
1439 1251 1440 1256 .

289 1287 413 1346 satores
436 1281 532 1347 electi
553 1287 646 1364 suut,
678 1281 713 1344 in
736 1280 847 1363 eisque
868 1281 906 1362 is,
930 1279 986 1363 qui
1008 1278 1188 1362 permultos
1211 1300 1313 1345 annos
1336 1299 1410 1344 ean.

289 1382 362 1448 dem
384 1384 418 1448 iu
429 1383 607 1467 republica
618 1382 854 1468 gerendauiam
869 1386 998 1447 secutus
1013 1386 1084 1445 erat
1100 1386 1133 1445 et
1149 1382 1410 1465 conjunctissime

289 1506 363 1550 cum
391 1486 449 1551 illc
471 1487 612 1569 vixerat,
639 1484 829 1568 Hyperides.
872 1483 947 1547 Jam
975 1482 1093 1566 quibus
1116 1485 1221 1549 causis
1243 1489 1410 1567 permotus

289 1589 486 1653 accusatoris
509 1609 642 1652 munere
663 1586 795 1651 functus
808 1586 851 1651 sit
863 1586 1039 1668 quaeritur.
1069 1584 1162 1669 Sunt,
1180 1587 1236 1669 qui
1246 1592 1285 1651 ut
1295 1586 1410 1651 Demo-

289 1688 415 1755 sthenis
437 1689 558 1756 famam
577 1694 742 1773 tueantur,
764 1688 884 1754 ideirco
902 1688 941 1752 de
951 1686 1125 1772 Hyperidis
1137 1688 1224 1753 fama
1238 1687 1414 1753 detrahant

290 1813 427 1874 eumque
457 1793 499 1858 ad
533 1792 759 1878 depellendam
789 1791 1007 1874 corruptionis
1047 1790 1187 1875 speciem
1215 1792 1413 1856 accusatoris

287 1900 399 1979 partes
429 1896 609 1978 suscepisse
630 1894 833 1968 arbitrentur
858 1893 898 1957 cf.
919 1893 1040 1976 Eysell.
1062 1916 1094 1977 p.
1119 1893 1183 1974 10.;
1208 1913 1413 1976 quaequam

288 1996 402 2079 inepta
423 1998 466 2062 sit
488 1997 610 2081 opinio,
641 1998 825 2064 luculenter
852 1996 1055 2061 demonstrat
1076 1993 1221 2060 Rabinus
1243 1995 1264 2059 l.
1286 1995 1307 2060 l.
1329 2017 1360 2079 p.
1384 1996 1413 2060 6.

288 2097 474 2164 Monuimus
493 2099 563 2183 jam
585 2105 684 2166 antea
694 2100 892 2184 Hyperidem
905 2097 1063 2162 acriorem
1074 2096 1294 2162 Demosthene
1308 2097 1412 2164 Mace·

290 2201 411 2267 donum
433 2201 654 2267 adversarium
677 2201 776 2266 fuisse
804 2207 837 2266 et
859 2200 901 2265 ad
922 2199 1045 2264 bellum
1066 2199 1326 2284 propensiorem3
1349 2201 1414 2286 Hy-

289 2303 429 2387 perides,
462 2304 518 2387 qui
549 2325 673 2369 summa
706 2303 892 2368 constantia
914 2307 947 2366 et
968 2300 1077 2366 studio
1099 2302 1264 2367 consuluit
1284 2302 1413 2387 patriae

289 2405 443 2490 dignitati
465 2405 517 2470 vel
539 2405 573 2470 in
596 2407 729 2470 summis
745 2426 854 2471 rerum
868 2405 1027 2488 angustiis
1042 2404 1185 2468 animum
1197 2426 1262 2469 non
1274 2405 1412 2488 demisit,

289 2508 414 2573 nullam
443 2509 644 2575 occasionem
672 2507 998 2593 praetermittendam
1027 2528 1097 2571 esse
1119 2507 1254 2589 censuit,
1285 2529 1350 2590 qua
1370 2507 1413 2572 ad

289 2609 460 2676 Graeciam
471 2610 675 2677 liberandam
694 2611 817 2677 bellum
834 2610 934 2694 incipi
947 2615 1067 2693 posset.
1093 2608 1238 2674 Venerat
1248 2609 1413 2692 Harpalus

288 2734 361 2778 cum
382 2712 530 2797 navibus,
560 2736 632 2779 cum
654 2735 772 2798 magno
796 2714 868 2776 auri
888 2711 1042 2795 pondere,
1071 2732 1144 2775 cum
1165 2712 1412 2795 mercennariis3

290 2814 332 2880 ab
355 2815 429 2880 aliis
452 2817 593 2901 satrapis
615 2815 772 2880 auxilium
796 2814 979 2898 exspectari
998 2815 1122 2897 potuit3
1140 2813 1413 2898 jureDroysenus

288 2917 365 2983 hist.
388 2916 479 2982 Alex.
501 2937 609 3001 magn.
631 2939 664 3000 p.
675 2916 738 2982 532
750 2921 820 2981 tum
831 2915 1034 3000 aptissimam
1048 2915 1194 2981 bellandi
1212 2919 1413 2982 occasionem

288 3019 401 3084 datam
423 3039 492 3085 esse
512 3018 691 3084 contendit.
723 3018 787 3083 Sed
800 3018 1001 3104 praeciditur
1014 3017 1273 3083 haeohominum
1285 3020 1413 3102 patriae

287 3120 583 3187 amantissimorum
618 3141 692 3204 spes
723 3142 777 3205 eo,
814 3121 902 3205 quod
937 3121 1172 3186 Demosthenes
1210 3123 1413 3204 rogationem

286 3223 382 3307 tulit,
419 3229 457 3288 ut
485 3223 650 3308 Harpalus
683 3224 717 3290 in
747 3223 878 3288 vincula
913 3224 1126 3288 conficeretur
1163 3222 1297 3306 ejusque
1335 3245 1412 3309 opes

288 3325 528 3411 deponerentur
549 3327 583 3390 in
606 3325 1053 3411 arce.Hyp.inDem.o.16:
1077 3326 1184 3389 ταῦτα
1201 3325 1242 3390 σε)
1263 3324 1412 3414 παρῄρη-

288 3449 345 3494 σαι
373 3424 421 3518 τῷ
446 3423 647 3516 ψηφίσματι
674 3427 845 3516 συλλαβών
873 3427 931 3491 τόν
957 3421 1136 3512 ’Ἅρπαλον
1168 3428 1228 3490 καὶ
1258 3427 1333 3503 τούς
1352 3431 1413 3512 μὲν

286 3527 432 3616 ’Λχαίους
454 3525 611 3604 ἅπαντας
632 3528 884 3614 πρεσβεύεσθαι
912 3527 1096 3606 πεποίηκας
1117 3527 1161 3604 ὠς
1176 3525 1412 3617 Ἀλέξανδρον,

286 3629 345 3697 οὐκ
375 3629 515 3718 ἔχοντας
545 3630 651 3709 ἄλλην
673 3633 832 3717 οὐδεμίαν
854 3629 1089 3716 α’ποοτροφήν,
1121 3631 1198 3706 τούς
1220 3634 1257 3696 δὲ
1280 3631 1411 3716 carpot-

287 3755 366 3813 σας,
396 3729 549 3798 otacus
571 3729 615 3797 ἂν
642 3724 725 3812 ἧκον
754 3731 885 3808 ἑκόντες
913 3733 999 3818 τυρός
1021 3730 1148 3812 ταύτην
1171 3734 1230 3813 τήν
1252 3731 1411 3816 δύναμιν,

287 3829 423 3920 ἔχοντες
455 3836 499 3900 τοὶ
524 3832 684 3922 χρήματα
715 3836 772 3898 καὶ
801 3834 878 3908 τούς
907 3834 1115 3920 στρατιώτας
1144 3830 1244 3911 ὅσους
1266 3830 1411 3911 ἕκαστος

287 3933 398 4003 αὐτῶν
419 3925 519 4024 εἶχεν,
543 3941 680 4012 τούτους
700 3936 898 4022 σύμπαντας
921 3935 960 4002 ου’
986 3936 1092 4022 μόνον
1113 3937 1302 4014 κεκώλυκας
1322 3933 1412 4002 οἷκο-

288 4041 406 4119 στῆναι
441 4039 569 4106 ἐκείνου
600 4036 640 4132 τῇ
667 4038 835 4125 συλλήψει
863 4042 903 4130 τῇ
931 4027 1101 4124 Ἅρπαλον,
1128 4037 1219 4106 α’λλοὶ
1246 4039 1304 4102 καὶ
1320 4087 1411 4102 ......
