3190 5002
744 344 956 408 *54*

290 512 388 598 hujus
409 515 583 599 peculiaris
605 513 867 599 significationis:
893 515 967 581 ἀλλ’
988 517 1105 598 ἐπειδὴ
1130 516 1292 605 τυραννίδι
1308 519 1412 589 αὐτόν

290 616 465 704 ἐπιχειρεῖν
488 614 715 703 εἰσηγγείλατε
739 624 798 683 ete.

375 720 620 806 Lycophronem
635 722 804 787 moechum
816 743 875 807 per
886 719 1103 808 εἰσαγγελίαν
1128 724 1340 802 καταλύσεως
1352 727 1414 792 τοῦ

291 819 402 907 δήμου
424 825 587 889 accusavit
609 825 775 908 Lyeurgus
799 826 838 889 of.
861 825 944 910 Hyp.
967 847 1026 910 pro
1049 826 1124 910 Lyo.
1148 849 1173 892 o.
1195 828 1243 893 X:
1275 830 1332 895 καὶ
1354 828 1412 915 ἐμὲ

288 929 348 1008 μέν
370 919 462 1016 αἰτιᾷ
484 926 518 992 έν
540 926 580 1015 τῇ
601 924 797 1012 εἰσαγγελίᾳ
820 927 1007 992 καταλύειν
1029 928 1088 995 τόν
1110 932 1220 1014 δῆμον
1239 929 1411 1016 παραβαί-

290 1051 393 1094 νοντα
405 1028 484 1105 τοός
496 1027 624 1114 νόμους.
640 1029 727 1095 Suid.
738 1052 761 1094 s.
773 1053 801 1096 v.
809 1029 1025 1117 μοχθηρίαὴ
1036 1028 1149 1097 κακία·
1162 1030 1413 1121 ὠςΛνκοόργος

291 1131 325 1197 έν
347 1134 394 1217 τῷ
417 1129 505 1196 κατὰ
526 1131 756 1218 Λυκόφρονος
786 1132 837 1216 ,οὐ
860 1133 927 1220 γοίρ
951 1129 1045 1200 ὅσιον
1067 1135 1145 1212 τούς
1167 1138 1414 1221 γεγραμμένους

289 1231 425 1316 νόμους,
447 1233 489 1300 δι’
502 1224 804 1322 ὧνηδημοκρατία
824 1233 980 1318 σώζεται,
1002 1237 1272 1325 παραβαίνοντα,
1294 1236 1414 1326 έτέρων

291 1338 326 1401 δὲ
346 1336 529 1422 μοχθηρῶν
551 1333 713 1424 ἐξηγητὴν
737 1339 827 1403 έθιῖν
850 1341 905 1402 καὶ
928 1340 1122 1424 νομοθέτην
1144 1341 1320 1425 γενόμενον
1338 1339 1412 1405 ότι·

288 1435 439 1523 μώρητον.
461 1437 608 1526 ἀφεῖναι.

374 1542 414 1605 II.
458 1541 517 1606 ἐοίν
539 1566 590 1617 τις
613 1541 710 1608 πόλιν
738 1542 810 1607 τινοί
842 1544 953 1630 προδῷ
976 1540 999 1622 ἢ
1020 1538 1143 1624 rariori
1161 1543 1267 1624 πεζήν
1291 1539 1313 1624 ἢ
1334 1568 1411 1612 ναν·

442 1643 539 1723 τικην
560 1643 732 1731 στρατιάν·

463 1747 544 1811 Poll.
562 1748 582 1811 l.
598 1749 619 1812 l.
637 1745 862 1836 ἢπροόόντων
884 1747 1045 1837 φρούριον
1066 1744 1088 1811 ίέ
1111 1749 1277 1835 στρατιοίν
1291 1743 1315 1828 ἢ
1327 1746 1413 1826 ναῦς.

464 1856 548 1915 auct.
571 1851 632 1915 lex.
656 1851 740 1915 rhet.
761 1850 914 1916 Cantabr.
940 1851 999 1917 έιίν
1021 1875 1070 1926 τις
1092 1851 1274 1937 προδιδούς
1291 1851 1414 1940 χοιρίον

445 1951 607 2042 [προόιδᾷ
627 1952 788 2043 φρούριον
809 1953 949 2019 Meierus
967 1955 1032 2018 ind.
1051 1954 1150 2019 schol.
1169 1953 1412 2042 Halens.1844]

443 2050 468 2135 η’
488 2057 568 2132 ναός
589 2049 613 2135 ἢ
634 2054 743 2134 πεζήν
773 2054 948 2141 στρατιάν.
978 2054 1139 2145 φρούριον
1168 2063 1217 2121 est
1240 2057 1338 2121 etiam
1361 2078 1413 2142 ap.

443 2157 516 2241 LyS.
538 2158 657 2241 XXXI,
679 2158 729 2222 26.

375 2260 574 2325 Proditionis
598 2255 807 2344 εἰσαγγελίας
829 2265 986 2342 quattuor
1008 2259 1160 2324 debemus
1172 2260 1330 2345 Hyperidi
1352 2284 1412 2345 pro

291 2364 372 2427 Eux.
396 2385 421 2426 o.
445 2363 564 2445 XVIII,
587 2363 605 2425 8
629 2383 714 2444 sqq.:
738 2360 779 2424 τό
800 2365 859 2444 μέν
881 2359 947 2446 γιίρ
971 2360 1135 2450 πρότερον
1156 2364 1412 2444 εἰσηγγέλλοντο

292 2462 371 2550 παρ’
401 2462 479 2550 όμῖν
511 2463 708 2549 Τιμόμαχος
738 2466 796 2527 καί
826 2463 1040 2543 Λεωσθένης
1070 2465 1128 2529 καὶ
1150 2463 1413 2552 Καλλίστρατος

292 2569 350 2630 καὶ
375 2564 489 2632 Φίλων
512 2565 529 2632 ὁ
553 2564 586 2646 ἐξ
607 2564 745 2631 Ἀναίων
773 2567 830 2629 καί
854 2561 1014 2649 Θεότιμος
1038 2564 1055 2631 ό
1077 2566 1222 2646 Σηστόν
1244 2564 1413 2644 α’πολέσας

290 2669 348 2732 καὶ
371 2664 480 2755 ἕτερον
504 2671 657 2734 τοιοῦτον
683 2669 740 2732 καὶ
763 2671 794 2732 οὶ
818 2672 880 2748 μὲν
902 2668 1012 2732 αὐτῶν
1036 2669 1117 2744 ναός
1140 2667 1254 2734 αίτίαν
1279 2668 1413 2756 ἔχοντες

220 2817 221 2820 =
290 2771 488 2857 προδοῦναι,
518 2775 549 2836 οἱ
572 2772 606 2834 δέ
630 2771 742 2844 πόλεις
767 2767 969 2848 Ἀθηναίων,
999 2767 1017 2834 ό
1041 2771 1076 2833 δέ
1106 2767 1221 2858 ῥήτωρ·
1240 2765 1285 2836 ίίν
1307 2772 1414 2858 λέγειν

289 2873 338 2956 μη
364 2872 405 2937 τοὶ
430 2869 552 2961 ἄριστα
576 2870 743 2962 τῷδήμῳ.

376 2975 603 3040 Timomaohus
633 2974 851 3040 Acharnensis
889 2971 1003 3042 αἰτίαν
1034 2972 1127 3062 έσχεν
1156 2973 1198 3050 ὠς
1230 2975 1414 3062 προδιδοὺς

291 3075 402 3142 Κότυϊ
423 3076 485 3155 την
507 3075 733 3167 Χερρόνησον·
766 3075 990 3162 κατεγνώσθη
1015 3081 1050 3144 δὲ
1077 3077 1244 3141 θανιίτου·
1269 3074 1372 3154 οὕτως
1395 3077 1413 3143 ὁ

290 3175 513 3254 Ἀπολλώνιος.
537 3180 636 3245 sohol.
659 3180 701 3244 ad
723 3179 837 3244 Aesoh.
860 3181 883 3244 I.
896 3181 937 3244 56
955 3181 993 3245 of.
1008 3182 1096 3245 Dem.
1109 3179 1197 3262 XIX,
1210 3181 1271 3244 180
1288 3177 1412 3261 ἡλίκον

291 3278 360 3347 ἔστ’
382 3277 532 3366 α’όίκημα
556 3279 594 3347 τό
618 3279 755 3368 Θρηίκην
778 3282 835 3345 καὶ
858 3281 900 3346 τοί
923 3281 1013 3368 τείχη
1037 3283 1224 3368 προέσθαι,
1252 3281 1345 3368 μυρί’
1368 3277 1413 3349 σ’ίν

291 3383 341 3463 εἴη
366 3383 481 3468 λέγειν·
506 3385 564 3448 καί
587 3379 663 3449 ὅσοι
685 3383 742 3449 ὃιοὶ
764 3381 865 3447 ταίτ’
889 3382 1086 3448 ἀπολώλασι
1108 3381 1187 3468 παρ’
1209 3380 1300 3469 ὑμῖν,
1324 3389 1355 3451 οἱ
1378 3386 1413 3450 δέ

286 3483 445 3571 χρήματα
460 3472 633 3569 πάμπολλ’
656 3483 867 3574 ὠφλήκασιν,
891 3485 928 3552 ori
950 3484 1100 3571 χαλεπόν
1117 3483 1235 3568 δεῖξαι,
1256 3484 1412 3575 Ἐργόφι-

292 3589 358 3661 λος,
380 3585 631 3674 Κηηιοόόοτος,
656 3585 845 3675 Τιμόμαχος
868 3596 927 3653 eto.
952 3589 991 3654 of.
1013 3589 1104 3653 Dem.
1126 3589 1275 3673 XXXVI,
1298 3589 1348 3654 53.

375 3690 584 3774 Leosthenes,
614 3691 757 3754 diversus
780 3713 800 3755 a
822 3692 903 3756 duce
930 3691 1009 3756 belli
1031 3691 1176 3756 Lamiaoi
1198 3691 1236 3756 of.
1263 3691 1410 3758 Gravort.

291 3793 390 3858 anall.
412 3792 526 3856 histor.
550 3798 582 3858 et
604 3793 717 3877 philol.
740 3815 771 3875 p.
792 3795 866 3875 233,
888 3816 957 3858 rern
978 3794 1019 3858 ad
1030 3793 1249 3876 Peparethum
1271 3795 1412 3861 insulam

294 3883 410 3961 contra
430 3894 652 3960 Alexandrum
674 3886 854 3960 Pheraeum
875 3897 960 3960 male
982 3903 1137 3980 gesserat.
1159 3897 1253 3962 Diod.
1269 3897 1330 3962 Sic.
1342 3897 1411 3962 XV.

292 3997 350 4065 95:
372 3998 405 4062 οἱ
417 3997 587 4076 Ἀθηναῖοι
601 3994 865 4085 παροξυνθέντες
880 3994 939 4063 τοῦ
950 3999 1177 4077 Λεωσθένους
1187 3997 1228 4076 ὠς
1243 3997 1412 4086 προδότου
