3190 5002
660 362 872 430 -n-

206 528 333 596 dedisse
347 539 576 598 accusatorem.
600 533 679 600 Tam
697 535 809 600 multis
821 535 934 602 litibus
956 534 1118 604 distentus
1141 541 1192 605 est
1212 537 1327 606 Demo·

204 634 335 701 sthenes
358 641 434 724 post
454 658 567 720 pacem
589 638 794 704 Demadeam.

288 737 451 805 Habemus
464 741 565 825 igitur
578 747 702 808 certum
713 742 869 827 temporis
880 748 1090 827 momentum,
1115 765 1179 827 quo
1202 744 1327 813 abolita

203 847 274 905 erat
296 844 494 908 accusatoris
516 844 710 929 impunitas3
734 846 904 927 quaeritur
914 867 1010 929 nunc,
1034 867 1098 930 quo
1114 867 1200 912 anno
1214 847 1328 915 habita

205 944 248 1010 sit
270 943 444 1030 Hyperidis
466 948 570 1012 oratio
592 969 652 1030 pro
674 946 897 1030 Lycophrona

290 1048 438 1133 Egerunt
457 1049 573 1114 dehac
595 1071 630 1112 re
648 1049 920 1133 Schneidewinus,
941 1050 979 1114 A.
998 1049 1201 1135 Sohaeferus,
1224 1052 1327 1118 Boch-

205 1151 349 1218 neckius.
373 1150 914 1235 010118011011100100011.063
937 1158 1077 1240 ,tempus
1100 1152 1233 1220 habitae
1256 1176 1327 1220 ora-

204 1256 302 1320 tionis
317 1255 429 1337 aliqua
448 1275 487 1319 ex
506 1260 601 1337 parte
622 1256 788 1340 colligitur
808 1277 825 1321 e
842 1256 1147 1321 commemoratione
1164 1256 1327 1342 Dioxippi,

204 1358 262 1439 qui
282 1356 504 1422 Alexandrum
533 1357 567 1421 in
591 1357 702 1422 Asiam
731 1362 862 1424 secutus
891 1358 1037 1424 inludis
1061 1356 1124 1422 sibi
1146 1379 1257 1424 necem
1279 1361 1326 1424 in·

203 1458 282 1525 tulit
304 1481 332 1524 a.
354 1460 428 1543 320,
458 1464 534 1524 ante
564 1460 657 1524 illum
687 1461 790 1544 igitur
812 1482 933 1526 annum
955 1461 1036 1526 haec
1058 1459 1147 1525 facta
1168 1462 1253 1526 sunt'
1275 1462 1326 1526 vel

203 1563 313 1646 potius
336 1567 412 1628 ante
436 1561 486 1626 Ol.
510 1563 581 1645 111,
603 1564 624 1626 2
647 1563 748 1646 (334),
778 1585 850 1629 cum
873 1564 935 1629 hoc
957 1584 1043 1630 anno
1066 1563 1251 1628 Alexander
1274 1584 1326 1628 ex-

203 1665 403 1752 peditionem
430 1664 466 1728 in
492 1664 604 1730 Asiam
632 1667 836 1750 suscepisset.
879 1665 1078 1731 Boehneckii
1107 1666 1256 1748 quaestio
1292 1666 1326 1730 in

202 1767 296 1850 libro,
328 1769 384 1850 qui
412 1767 603 1833 inscribitur
629 1767 886 1852 ,Demosthenes
916 1768 1094 1853 Lycurgus,
1124 1768 1326 1853 Hyperides’,

202 1891 337 1953 prorsus
368 1869 549 1935 omittenda
578 1875 638 1953 est,
667 1891 739 1934 oum
767 1869 916 1955 profecta
945 1871 1028 1935 site
1051 1870 1135 1936 10100
1164 1871 1326 1954 opinione,

201 1971 449 2057 Lycophronem
471 1994 537 2038 non
560 1993 629 2038 esse
651 1971 792 2038 nobilem
804 1972 1047 2056 Atheniensem,
1071 1973 1128 2037 sed
1149 1977 1325 2057 tyrannum

200 2075 294 2141 illum
305 2075 496 2140 Pheraeum.
527 2075 616 2154 Quae
639 2095 736 2158 quam
759 2074 844 2140 falsa
866 2077 909 2141 sit
930 2080 963 2140 01
984 2095 1148 2160 perversa,
1169 2073 1327 2140 indicavit
1408 2075 1411 2082 '

202 2177 383 2262 Spengelus
411 2179 445 2242 in
476 2178 556 2243 diar.
587 2176 704 2242 erudit.
734 2177 919 2242 Monacens.
953 2198 981 2242 a.
1014 2176 1096 2242 1853
1126 2199 1158 2262 p.
1187 2177 1240 2260 46,
1270 2176 1327 2258 qui

200 2282 341 2365 repertis
365 2280 566 2366 Hyperideae
589 2280 748 2344 orationis
771 2280 963 2364 fragmentis
986 2284 1175 2364 speraverat
1196 2278 1267 2344 fore
1288 2285 1326 2344 ut

200 2385 374 2449 desisteret
395 2382 621 2448 Boehneckius
650 2381 691 2447 ab
719 2382 782 2447 hac
810 2383 1102 2466 argumentatione,
1133 2402 1232 2466 quam
1253 2403 1326 2466 pro-

200 2488 335 2552 miserat
351 2485 514 2568 quondam
523 2491 556 2549 et
565 2483 789 2570 comprobavit
800 2485 983 2549 luculenter
991 2484 1180 2549 Wittichius
1195 2484 1325 2570 ,deper-

200 2611 282 2653 sona
293 2589 514 2673 Lycophronis
523 2586 563 2652 ab
572 2586 888 2671 Hyperidedefensi'.
900 2586 987 2651 Dicit
999 2587 1084 2651 enim
1096 2585 1324 2653 Boehnechius

199 2692 220 2756 l.
243 2691 264 2755 l.
288 2714 319 2775 p.
343 2692 404 2755 178
434 2711 507 2754 cum
528 2689 723 2773 Lycophron
744 2688 926 2763 Pherarum
944 2694 1104 2772 tyrannus
1134 2687 1185 2756 01.
1211 2690 1282 2774 107,
1304 2691 1327 2754 4

199 2792 399 2877 hipparchus
426 2794 469 2857 sit
488 2792 646 2858 Lemnum
665 2791 793 2875 missus,
815 2790 1051 2856 Demosthenes
1073 2812 1149 2860 vero
1167 2792 1202 2855 in
1216 2792 1324 2875 prima

198 2895 457 2979 Philippicarum
487 2896 669 2960 orationum
703 2894 852 2959 consulat
886 2892 1157 2977 Atheniensibus,
1190 2899 1228 2959 ut
1255 2893 1326 2979 hip-

199 2996 343 3081 parchus
366 2998 568 3081 peregrinus,
592 2999 648 3079 qui
665 2997 734 3079 jam
757 3002 885 3061 oreatus
907 2998 960 3080 sit,
984 2996 1141 3060 Lemnum
1163 2995 1325 3083 mittatur,

199 3099 272 3166 fieri
290 3120 356 3164 uon
385 3105 505 3184 potest,
536 3100 615 3182 quin
646 3099 690 3164 sit
712 3098 917 3183 Lycophron,
948 3098 1005 3181 qui
1034 3119 1107 3163 cum
1138 3097 1197 3164 sub
1228 3098 1325 3167 finem

200 3201 329 3267 demum
352 3200 402 3266 Ol.
428 3202 498 3285 107,
524 3205 539 3265 1
557 3199 703 3266 Athenas
720 3202 855 3284 venerit,
877 3201 1059 3266 necessario
1083 3202 1232 3284 sequitur
1254 3223 1323 3268 ora-

198 3305 322 3369 tionem
344 3304 429 3368 hanc
451 3302 478 3389 (i
501 3324 517 3367 e
552 3319 631 3367 orat.
654 3302 946 3388 primPhilippic.)
969 3323 1035 3368 non
1054 3302 1324 3389 rere01.107,1,

200 3406 257 3470 sed
287 3411 444 3470 autumno
473 3403 522 3469 Ol.
556 3405 627 3488 107,
657 3406 770 3469 40000
800 3403 965 3470 habitam'.
1009 3403 1072 3471 Sed
1094 3427 1159 3470 non
1183 3405 1326 3473 consulit

198 3507 444 3590 Demosthenes,
457 3507 554 3572 immo
562 3507 721 3591 queritur,
736 3507 824 3590 quod
833 3528 927 3572 suum
938 3506 1155 3592 hipparchum
1166 3507 1324 3575 Lemnum

196 3609 331 3676 missuri
361 3615 472 3674 essent
493 3609 717 3674 Athenienses.
762 3609 855 3688 Quod
882 3610 970 3675 inter
999 3631 1033 3675 se
1062 3616 1274 3694 opponuntur
1295 3612 1324 3677 is

197 3711 411 3797 hipparchus,
436 3712 492 3793 qui
514 3710 671 3776 Lemnum
693 3711 847 3796 mittitur,
875 3718 974 3794 atque
997 3711 1174 3796 Menelaus,
1204 3713 1261 3796 qui
1284 3713 1324 3780 de

198 3811 398 3897 reipublicae
428 3812 689 3897 possessionibus
720 3815 917 3897 proeliatur,
954 3814 1136 3879 necessario
1164 3815 1323 3900 sequitur,

200 3913 234 3977 id
255 3913 342 3997 quod
364 3921 452 3979 recte
473 3913 626 3980 viderunt
640 3914 803 4000 Sauppius
827 3921 861 3981 et
875 3914 1148 4000 Schneidewinus,
1170 3938 1244 3982 eum
1266 3918 1323 4001 qui

201 4014 357 4082 Lemnum
380 4017 497 4083 missus
520 4017 573 4101 sit,
602 4039 667 4083 non
697 4025 735 4083 ut
756 4018 801 4084 ibi
824 4018 994 4084 dimicaret
1015 4039 1053 4086 eo
1075 4017 1220 4105 legatum
1242 4040 1322 4105 esse,
