3190 5002
728 369 942 437 ..28-

274 545 307 610 et
331 539 507 630 προξενίας
528 541 651 609 honore
673 545 855 609 ornaretur.
885 541 948 608 Sed
968 540 1095 608 exstitit
1110 541 1284 608 acerrimus
1300 541 1398 628 hujus

259 647 396 713 ‘decreti
425 647 633 731 impugnator
662 646 860 732 Hyperides3
889 641 1094 731 παρανόμων
1124 667 1195 710 eum
1226 647 1398 731 accusavit,

273 750 364 818 aliud
386 749 552 815 decretum
580 750 729 835 protulit,
758 770 822 832 quo
853 748 971 813 acerba
998 748 1233 836 cavillatione1)
1261 768 1300 813 ea
1326 770 1398 814 eon·

272 858 428 937 gesserat,
452 873 534 935 quae
558 851 598 916 ab
617 851 820 936 Euthycrate
841 851 876 915 in
898 851 1131 933 rempublicam
1151 850 1399 918 Atheniensium

272 956 444 1022 commissa
474 960 582 1019 essent
612 954 651 1018 of.
678 955 718 1019 fr.
741 955 791 1018 79.
837 952 994 1020 Concludi
1022 958 1131 1037 potest
1159 974 1177 1018 e
1206 952 1321 1037 fragm.
1343 954 1399 1019 80:

271 1055 463 1144 Ἀλκίμαχον
473 1054 975 1143 καὶζἎντίπατρονἈθηναίονς
987 1056 1047 1119 καὶ
1056 1055 1234 1142 προξένους
1244 1055 1399 1135 ἐποιησά-

271 1161 381 1245 μεθα,
403 1161 471 1226 fere
500 1159 611 1225 eodem
641 1165 786 1244 tempore
807 1152 859 1225 iel
888 1159 999 1244 paullo
1021 1158 1202 1243 posteriore
1223 1159 1399 1224 Demadem

230 1329 236 1341 ,
273 1262 358 1328 hano
372 1264 576 1346 rogationem
593 1262 718 1346 tulisse,
741 1284 805 1346 quo
820 1261 994 1347 Antipater
1005 1267 1038 1327 et
1049 1261 1255 1327 Aloimaohus
1269 1263 1399 1327 civitate

273 1370 306 1429 et
329 1361 488 1450 προξενίᾳ
511 1365 624 1430 donati
647 1371 738 1448 sunt3
762 1371 838 1430 ante
860 1369 997 1430 mortem
1020 1367 1104 1449 regis
1123 1370 1308 1448 peroratam
1331 1385 1400 1430 esse

158 1549 162 1557 Ι
273 1467 454 1534 orationem
465 1467 683 1553 Hyperideam
705 1482 871 1553 apparete
886 1468 1000 1552 fragm.
1016 1469 1071 1532 79:
1096 1462 1150 1532 dre
1172 1465 1217 1532 τά
1237 1466 1398 1556 Φιλίππῳ

272 1569 490 1658 συμφέροντα
512 1572 568 1635 καὶ
590 1567 730 1657 πράττει
753 1571 811 1634 καὶ
840 1570 937 1655 λέχει.
979 1569 1141 1635 Videntur
1162 1569 1345 1655 Hyperides
1367 1574 1400 1633 et

271 1672 439 1756 Lyeurgus
477 1658 674 1757 conjunctim
704 1672 880 1738 Demadem
917 1674 1126 1738 aeousavisso.
1177 1671 1313 1759 (Sanpp.
1352 1693 1397 1738 or.

270 1774 338 1841 Att.
360 1774 393 1838 11
414 1796 446 1857 p.
469 1776 555 1856 262).

355 1875 418 1942 Per
439 1877 525 1943 idem
554 1883 682 1964 tempus
703 1877 877 1963 Philippus
907 1879 1050 1943 omnium
1080 1877 1247 1944 civitatum
1273 1879 1399 1962 legatos

272 1977 464 2045 Corinthum
499 1982 660 2063 evocavit,
692 1987 730 2046 ut
767 1980 812 2045 ibi
839 1982 928 2066 paois
957 1982 1010 2045 lex
1039 1981 1210 2046 universae
1244 1979 1399 2046 Graecias

272 2081 463 2166 (συνθῆκαι
491 2085 569 2168 περίΙ
604 2084 663 2162 τῆς
700 2085 817 2158 κοινῆς
847 2077 991 2168 εἰρήνης)
1029 2081 1301 2166 constitueretur3
1337 2083 1398 2148 soli

205 2179 207 2184 ’
269 2183 518 2250 Lacedaemonii
539 2185 665 2268 legatos
688 2206 753 2249 non
782 2186 950 2269 miserunt,
986 2190 1024 2249 ut
1045 2184 1168 2248 Justini
1196 2185 1302 2250 verbis
1323 2191 1400 2250 utar

274 2287 341 2367 (IX.
364 2286 398 2368 5)
421 2287 632 2370 servitutem,
663 2308 727 2352 non
749 2308 863 2372 paoem
884 2289 958 2371 rati,
990 2309 1074 2371 quae
1095 2308 1161 2351 non
1189 2288 1267 2371 ipsis
1289 2290 1398 2354 eivita-

273 2388 361 2454 tihus
396 2389 593 2472 conveniret,
625 2388 682 2454 sed
712 2410 732 2454 a
760 2390 880 2456 victore
917 2389 1077 2455 ferretur.'
1128 2389 1303 2456 Decretum
1339 2396 1397 2473 est,

270 2497 308 2556 ut
330 2496 420 2556 terra
441 2492 588 2573 marique
611 2490 809 2558 Graecorum
830 2493 1008 2578 imperator
1030 2498 1114 2557 esset
1135 2492 1325 2576 (Polyhlll.
1339 2495 1397 2558 33:

269 2590 312 2670 οίς
335 2590 509 2679 εὐεργέτην
542 2589 626 2659 ὅντα
659 2598 717 2672 τῆς
737 2591 897 2672 Ἑλλάδος
928 2595 986 2659 καὶ
1016 2590 1106 2659 κατά
1132 2590 1195 2679 χῆν
1216 2594 1320 2660 αὐτόν
1342 2601 1398 2676 (so.

268 2696 469 2782 Philippum)
504 2693 655 2782 ἡγεμόνα
686 2699 744 2761 καὶ
775 2696 865 2760 κατά
894 2695 1083 2761 θάλατταν
1110 2688 1243 2761 εἵλοντο
1273 2694 1398 2773 πάντες

270 2799 310 2864 of.
332 2798 425 2863 Diod.
449 2797 510 2862 Sio.
532 2797 619 2863 XVI.
642 2800 681 2863 91
713 2799 799 2864 Plut.
822 2799 878 2862 vit.
900 2798 1057 2863 Demetrii
1077 2819 1102 2861 o.
1122 2797 1165 2864 25
1189 2797 1314 2864 Sohaef.
1334 2800 1355 2864 l.
1377 2800 1397 2864 l.

269 2901 317 2966 III
338 2924 369 2987 p.
392 2900 442 2963 51.
466 2901 499 2981 3)
523 2905 557 2965 et
579 2898 696 2966 Graeci
717 2922 784 2965 una
805 2921 878 2965 oum
901 2921 937 2966 eo
960 2906 1074 2965 eontra
1094 2899 1211 2966 Persas
1233 2899 1396 2965 bellarent

271 3003 314 3068 ad
335 3004 495 3067 ultionem
516 3001 558 3066 ab
580 3003 620 3067 iis
634 3003 826 3087 exigendam
843 3007 978 3087 propter
990 3022 1037 3086 ea,
1055 3003 1182 3086 quaein
1200 3003 1287 3087 ipsos
1300 3004 1395 3087 impie

272 3105 436 3187 iecissent,
459 3103 499 3168 of.
524 3102 587 3169 Cio.
610 3104 650 3170 de
672 3127 740 3191 rep.
763 3105 811 3170 ΠΙ
834 3125 859 3170 ο.
882 3105 912 3188 9,
936 3105 976 3170 de
988 3125 1065 3171 vora
1075 3104 1287 3189 expeditionis
1300 3126 1398 3169 eausa

269 3206 423 3291 Polybius
455 3208 603 3291 exposuit
632 3207 689 3272 ΙΠ.
720 3210 750 3293 6,
782 3209 830 3272 12.
875 3206 989 3272 Tradit
1019 3207 1173 3290 Syrianus
1198 3206 1248 3270 rh.
1277 3229 1324 3290 gr.
1347 3207 1396 3273 W.

270 3309 317 3374 VI
338 3332 369 3393 p.
393 3308 471 3373 708:
494 3310 681 3394 πολεμοῦσι
704 3307 788 3396 πρός
799 3305 967 3387 ἀλλήλους
976 3307 1138 3392 βασιλειίς
1148 3309 1202 3372 καὶ
1217 3306 1398 3384 Φίλιππος.

270 3403 351 3488 ἧκον
381 3412 531 3498 πρέσβεις
561 3409 640 3500 παρ’
671 3411 833 3498 ἑκατέρου
864 3411 941 3492 περὶ
970 3409 1163 3494 συμμαχίας
1192 3414 1249 3475 καί
1282 3412 1396 3495 ιίημο-

271 3513 398 3590 σθένης
435 3517 498 3596 μὲν
528 3515 664 3595 βασιλεῖ
690 3521 876 3598 συμμαχεῖν
905 3511 1048 3594 κελεύει,
1077 3510 1238 3599 Αἰσχίνης
1268 3513 1304 3577 δὲ
1328 3511 1395 3576 Φι-

271 3610 389 3701 λίππῳ·
424 3616 547 3699 τριπλῆ
575 3615 610 3679 δὲ
639 3611 752 3691 οὕτως·
782 3614 1059 3702 οίποφοιινομὲνιον
1089 3618 1164 3704 περὶ
1201 3614 1396 3700 συμμαχίας

339 3784 360 3855 ¹)
378 3784 450 3839 Plut.
475 3803 563 3858 praec.
587 3804 645 3858 rep.
669 3804 725 3858 ger.
746 3804 769 3840 c.
790 3789 836 3840 14:
865 3787 892 3836 αί
910 3785 938 3836 δὲ
961 3785 1090 3856 λοιδορίαι
1112 3793 1166 3844 τοῖς
1184 3787 1324 3845 πολιτικοῖς
1341 3785 1393 3851 ἥκι-

271 3888 319 3922 στοι
336 3873 485 3939 πρέπουσιν.
510 3871 561 3942 ὅρα
585 3874 613 3925 δὲ
638 3872 671 3923 τὰ
696 3873 761 3943 πρὸς
779 3876 904 3939 Αἰσχίνην
927 3871 979 3926 άπὸ
997 3875 1190 3942 Δημοσθένους
1213 3875 1335 3943 εἰρημένα
1352 3875 1396 3924 καὶ

269 3957 302 4008 τά
330 3955 397 4025 πρὸς
424 3960 520 4012 τοῦτον
554 3957 595 4013 ὑπ’
626 3961 751 4026 Αἰσχίνου
783 3961 826 4010 καὶ
854 3956 933 4011 πάλιν
961 3957 978 4010 ἃ
1008 3959 1080 4029 πρὸς
1108 3955 1240 4028 Δημάδην
1267 3963 1395 4032 χίχραφεν

265 4042 424 4114 Ὑπερείδης.
