3190 5002
509 349 1013 449 ..-16..

334 539 394 604 per
423 517 641 601 εἰσαγγελίαν
663 519 791 586 delatus
820 528 914 586 esset.
959 520 1011 587 Me
1034 521 1162 604 quidem
1192 522 1273 588 haec
1295 541 1449 606 argumen-

334 623 417 688 tatio
447 645 512 687 non
541 629 651 707 potest
679 645 896 705 commovere,
930 629 968 688 ut
997 624 1027 688 ei
1056 625 1257 706 adstipuler..
1297 623 1452 690 Gloriatur

334 725 515 808 Hyperides
536 726 800 808 potentissimum
821 747 982 809 quemque
1004 727 1109 790 virum
1131 747 1165 790 se
1187 728 1222 790 in
1240 726 1295 809 jus
1315 748 1450 810 vocasse3

338 849 403 892 non
432 828 639 910 indignatur,
671 827 758 910 quod
780 829 904 908 usitata
934 829 975 893 sit
1003 830 1036 893 in
1059 828 1130 892 foro
1162 823 1376 913 εἰσαγγελία,
1403 830 1455 893 sed

337 930 426 1012 quod
448 930 490 995 ad
513 930 633 995 delicta
655 929 868 1013 adhibeatur,
892 951 977 1012 quae
998 952 1018 995 a
1040 931 1110 1014 lege
1133 913 1351 1014 εἰσαγγελίας
1370 951 1452 1012 pror-

216 1031 218 1036 *
242 1026 245 1032 ’
335 1053 390 1095 sus
402 1031 616 1114 abhorreant3
634 1033 720 1113 quod
734 1033 775 1097 ad
786 1033 885 1098 verba
897 1033 1018 1096 τοῦτον
1030 1029 1243 1114 εἰσαγγείλας
1255 1030 1318 1113 ἐγώ,
1328 1031 1453 1113 attinet,

333 1138 484 1198 accurate
503 1135 748 1219 perspiciendus
768 1142 817 1199 est
835 1157 953 1216 nexus3
970 1139 1040 1197 arte
1054 1134 1282 1216 conjungenda
1298 1139 1374 1197 sunt
1388 1154 1455 1197 curn
1485 1161 1486 1166 ¹

338 1237 491 1318 proximis
504 1232 586 1320 ὑπὲρ
596 1227 639 1300 ὧν
650 1237 811 1324 Φιλίππῳ
819 1234 1021 1323 ὑπηρετήκει
1037 1242 1096 1299 etc.
1121 1235 1457 1318 CurArIstophontem

338 1344 371 1403 et
385 1337 583 1423 Diopeithen
596 1341 804 1421 accusaverit,
826 1362 892 1404 non
910 1337 1002 1402 addit
1023 1344 1147 1419 orator,
1170 1361 1186 1401 e
1208 1338 1334 1402 silentio
1354 1344 1459 1421 petere

338 1442 427 1523 lieet,
458 1433 572 1504 causas
596 1440 738 1505 diversas
761 1442 860 1505 I'uisse
883 1441 923 1504 ab
947 1462 999 1522 ea,
1023 1447 1158 1524 propter
1181 1462 1278 1521 quam
1300 1441 1335 1503 in
1357 1439 1459 1502 Philo-

337 1549 458 1607 cratem
471 1543 651 1607 instituerit
667 1540 891 1627 εἰσαγγελίαν.
923 1543 986 1606 Cur
1000 1543 1038 1606 de
1046 1542 1239 1606 Philocratis
1255 1563 1354 1605 causa
1365 1541 1460 1604 latius

337 1651 428 1728 agat,
459 1644 640 1727 luculenter
658 1651 812 1728 apparet,
835 1645 877 1708 ad
900 1666 982 1726 eum,
1006 1646 1083 1726 quia
1104 1641 1214 1732 ῥήτωρ
1239 1651 1326 1725 erat,
1350 1642 1461 1707 referri
1547 1723 1548 1740 ρ

337 1746 511 1830 potuit'lex
535 1743 760 1831 εἰσαγγελίας·
783 1745 842 1808 εὀίν
862 1751 915 1821 ’τις
937 1743 1045 1832 ῥήτωρ
1060 1745 1103 1808 alr
1118 1746 1164 1827 pri
1181 1747 1261 1835 λε’γργ
1280 1746 1322 1808 τοὶ
1339 1743 1458 1831 ἄριστα

337 1845 507 1937 τῷδήμῳ
537 1850 583 1934 τῷ
612 1845 804 1927 Ἀθηναίων
834 1844 993 1932 χρήματα
1025 1847 1213 1930 λαμβάνων
1249 1848 1304 1910 καί
1335 1849 1461 1933 ὃωρεοίς

335 1950 428 2035 παροί
458 1953 520 2016 τῶν
551 1947 719 2015 τοίναντία
750 1947 968 2034 πραττόντων
998 1951 1043 2037 τῷ
1066 1951 1172 2034 ὅγ’μιγί
1197 1971 1302 2032 neque
1324 1969 1399 2013 vero
1429 1949 1463 2012 in

268 2111 272 2120 .
334 2052 571 2138 Euxenippum.
600 2052 648 2116 De
670 2058 816 2135 tempore
829 2053 867 2115 cf.
880 2053 996 2116 Kiessl.
1019 2077 1049 2137 p.
1066 2054 1144 2116 230:
1168 2059 1261 2118 orata
1284 2057 1334 2115 est
1355 2051 1464 2115 oratio

337 2156 411 2220 κατ’
427 2154 690 2240 Ἀριστοφῶντος
701 2201 711 2232 ,
734 2155 869 2218 sirecte
892 2176 963 2218 earn
985 2156 1027 2218 ad
1049 2155 1171 2218 bellum
1194 2154 1312 2219 sociale
1333 2154 1465 2218 rettuli·
1547 2229 1548 2250 ,

219 2245 226 2265 ⁹
336 2281 417 2342 mus,
442 2279 478 2323 eo
500 2257 656 2339 temporis
680 2257 804 2338 spatie,
829 2257 917 2338 quod
938 2257 1004 2322 fere
1022 2256 1069 2321 Ol.
1088 2259 1158 2339 105,
1180 2259 1200 2321 3
1224 2265 1256 2322 et
1279 2256 1328 2320 Ol.
1346 2257 1421 2338 106,
1444 2257 1464 2318 3
1547 2251 1548 2256 ’

332 2369 490 2443 tanquam
512 2359 659 2424 terminis
682 2358 974 2423 circumscribitur!
1005 2359 1086 2424 ¹Hoc
1109 2360 1221 2424 laudat
1242 2359 1366 2424 Rabius
1389 2382 1422 2443 p.
1445 2359 1465 2420 3

332 2469 418 2528 reete
440 2463 542 2527 videri
564 2483 637 2526 eum
659 2473 789 2543 causam
812 2461 853 2525 ad
875 2461 998 2525 bellum
1021 2462 1139 2527 sociale
1168 2463 1352 2542 rettulisse,
1385 2465 1466 2547 quia

334 2586 440 2650 neque
470 2564 550 2648 quid
577 2562 803 2645 Aristophonti
840 2570 954 2646 postea
988 2565 1087 2629 fuerit
1123 2567 1158 2629 in
1193 2567 1301 2628 insula
1335 2567 1467 2650 negotii

331 2669 469 2734 divinari
483 2673 595 2752 posset
603 2672 635 2730 et
645 2666 715 2749 jam
728 2688 765 2730 ec
783 2672 939 2748 tempore,
955 2688 1017 2748 quo
1026 2665 1260 2731 Demosthenes
1274 2667 1465 2753 choragianr

330 2771 535 2856 suscepisset,
557 2774 693 2852 propter
709 2773 850 2832 aetatem
865 2789 941 2832 cura
963 2769 1160 2851 reipublicae
1175 2788 1248 2834 eum
1262 2769 1467 2836 abstinuisse

331 2873 513 2938 constaret?
558 2870 609 2934 Ps.
632 2870 718 2933 Plut.
741 2893 772 2953 p.
796 2871 858 2933 844
880 2870 925 2934 D:
953 2867 1214 2956 Ἀριστοφῶντος
1236 2873 1270 2936 δὲ
1300 2869 1362 2950 ἤδη
1399 2874 1466 2952 τήν

211 3021 215 3032 .
331 2973 543 3059 προστασίαν
565 2973 622 3036 daci
655 2976 759 3056 γῆρας
788 2971 1037 3045 καταλιπόντος
1066 2967 1121 3034 καί
1147 2973 1291 3057 χοριγγός
1323 2975 1465 3055 ἐγένετο

289 3131 293 3136 .
330 3074 387 3161 (se.
410 3074 603 3160 Demosth.).
645 3074 949 3156 Dedristophonte
972 3074 1010 3138 cf.
1033 3076 1070 3138 A.
1093 3075 1218 3139 Schaet'.
1250 3076 1283 3138 in
1306 3075 1466 3158 philoll

311 3199 359 3264 p.
385 3176 744 3259 188-224;·deDem.
768 3177 904 3259 ejusque
927 3183 988 3242 aet
1011 3177 1042 3240 II
1064 3199 1095 3259 p.
1110 3179 1182 3241 422.
1207 3179 1233 3240 1.
1256 3175 1467 3260 Diopeithen

329 3279 467 3344 eundem
490 3277 559 3343 esse
582 3285 702 3361 censet,
726 3298 821 3360 quem
843 3278 933 3344 Dem.
946 3278 1074 3360 XVIII,
1099 3281 1395 3346 recommemorata
1418 3284 1465 3347 ef.

333 3380 431 3446 schol.
455 3381 497 3445 ad
527 3381 547 3446 l.
577 3381 598 3445 l.
621 3381 734 3466 τρίτος
763 3384 797 3446 δέ
828 3378 1054 3458 ὁᾸΙιοπείθτγς
1085 3378 1102 3443 ὁ
1133 3383 1207 3465 περὶ
1229 3382 1293 3459 τιίν
1316 3383 1469 3468 Θρᾴκην

328 3481 482 3562 λυπήσας
511 3482 571 3549 τόν
603 3481 793 3564 Φίλιππον,
825 3485 901 3568 περὶ
932 3475 970 3549 οὗ
999 3481 1199 3566 οίγωνίζεται
1228 3483 1263 3548 ἐν
1290 3495 1358 3558 τοῖς
1395 3487 1466 3550 (Dc-

330 3586 515 3660 λιππικοίς.
1450 3609 1452 3614 ·

410 3686 601 3770 Hyperides
624 3694 799 3772 postquam
820 3689 924 3752 virum
946 3689 980 3752 in
1001 3689 1070 3753 foro
1092 3695 1125 3753 et
1149 3689 1282 3772 judiciis
1305 3691 1469 3756 versatis-

327 3789 442 3854 simum
464 3785 731 3880 Aristophontem
760 3791 879 3856 detulit
907 3812 945 3854 ac
966 3811 1070 3872 paene
1098 3791 1176 3854 vicit
1204 3792 1261 3856 lite
1290 3780 1469 3877 instituta,

226 3913 227 3918 ¹
326 3910 442 3955 nomen
466 3899 656 3956 consecutus
680 3899 729 3957 est
752 3900 784 3957 et
808 3894 891 3956 viam
915 3891 977 3956 sibi
992 3893 1147 3976 patefecit
1169 3893 1210 3957 ad
1231 3916 1282 3958 res
1305 3894 1471 3976 publicas

328 3993 610 4059 admisistrandas.
706 4057 709 4064 .
