3190 5002
806 231 1074 366 “2‘'

340 470 530 568 Hungaria'.
547 472 611 541 Sed
625 493 731 558 neque
745 472 826 538 haec
840 473 1090 556 comparuerunt
1101 489 1205 554 usque
1222 465 1365 534 adhunc
1382 465 1490 534 diem

338 599 445 661 neque
464 577 596 643 'aliunde
618 578 796 661 quidquam
819 576 916 658 hujus
934 573 1082 656 oratoris,
1105 573 1207 638 donec
1229 573 1270 638 ah
1292 572 1417 656 Anglis
1444 573 1490 636 in

338 683 486 764 Aegypto
505 687 572 746 tres
590 679 916 765 papyriHyperideae
923 677 1079 762 proximis
1094 677 1205 741 lustris
1219 682 1371 760 repertae
1382 683 1487 740 sunt.

280 771 283 777 ⁵
340 783 508 861 Quomodo
525 784 587 848 hae
602 783 719 868 papyri
734 783 768 846 in
783 803 897 847 manus
909 780 1114 864 pervenerint
1122 780 1310 863 Anglorum,
1327 784 1486 843 narrant

338 885 480 950 editores
489 885 672 950 Britannici
690 907 728 950 66
742 884 947 970 potissimum
957 871 1485 966 61666166611811611166166

333 989 443 1072 ι16616.
461 988 497 1052 61
509 989 600 1054 61666.
616 989 681 1054 and
696 983 776 1054 sacr.
791 987 903 1070 philol.
915 987 1003 1050 1854
1018 1007 1049 1068 p.
1067 987 1128 1050 109
1141 1007 1223 1069 sqq,
1249 991 1282 1050 et
1297 985 1409 1050 obiter
1424 985 1483 1048 in-

341 1092 429 1172 dicat
447 1090 593 1156 Blassius
609 1091 710 1176 praef.
728 1113 759 1173 p.
772 1089 827 1154 VI.
842 1089 912 1152 VII.
935 1089 980 1168 Ut
1001 1110 1070 1153 rem
1084 1090 1197 1173 paucis
1213 1089 1379 1170 alsolvam,
1395 1107 1483 1152 vere

339 1193 418 1258 anni
439 1195 521 1257 1841
539 1194 575 1258 Α.
593 1193 626 1258 Ο.
642 1193 809 1258 Η61116166
824 1193 979 1276 reliquias
996 1190 1152 1255 orationis
1163 1192 1199 1255 in
1212 1191 1482 1256 Demsothenem

129 1350 132 1356 .
237 1379 240 1385 Ι
343 1295 525 1379 priorisque
553 1296 656 1380 partis
688 1296 847 1380 orationis
877 1316 936 1379 pro
968 1293 1197 1377 Lycophrona,
1234 1294 1347 1370 eodem
1380 1314 1480 1358 anno

340 1398 504 1482 losephus
528 1383 677 1462 Ardenus
701 1399 916 1481 posteriorem
945 1401 1072 1480 partem
1095 1391 1270 1478 orationis,
1300 1417 1385 1478 quae
1409 1418 1479 1480 pro

342 1500 557 1584 Lycophrona
572 1499 686 1564 habita
701 1506 760 1583 est,
776 1507 810 1565 et
824 1498 1079 1582 Euxenippeam,
1096 1521 1123 1563 a.
1141 1500 1222 1564 1856
1235 1499 1275 1562 H.
1293 1485 1479 1564 Stobartus

342 1603 525 1687 fragmenta
540 1602 696 1668 orationis
719 1602 864 1667 funebris
877 1602 917 1666 ab
933 1600 1095 1666 Arabibus
1110 1608 1275 1684 emerunt;
1296 1606 1478 1685 praeterea

345 1704 638 1789 Ch.Babingtonus
653 1699 739 1769 inter
753 1707 859 1770 varias
871 1704 1007 1769 schedas
1022 1705 1156 1772 Ardenii
1174 1706 1317 1790 repperit
1333 1703 1478 1786 parvula

213 1825 215 1830 ’
325 1883 327 1888 ¹
346 1807 539 1892 fragmenta,
564 1814 596 1873 et
619 1807 694 1890 alia,
719 1829 801 1891 quac
821 1808 965 1872 Parisios
987 1807 1029 1872 ad
1053 1807 1244 1873 Michaelem
1267 1807 1476 1872 Chaslesium

254 1907 256 1911 ’
348 1911 562 1992 devenerant,
594 1932 699 1995 nuper
721 1911 822 1976 edidit
843 1910 1009 1994 EggeruS,
1039 1909 1202 1993 ,memoire
1228 1932 1288 1990 ,sur
1310 1909 1474 1992 quelques

178 2091 181 2098 ,
209 2061 211 2066 -
344 2033 514 2078 nouveanx
535 2012 713 2096 fragments
735 2013 858 2082 inedita
872 2013 911 2077 de
934 2013 1087 2086 l'orateur
1102 2011 1274 2095 Hyperide'
1295 2012 1368 2078 Par.
1386 2013 1472 2075 1868

321 2175 324 2180 .
346 2114 600 2180 cf.Weil.Jahu.
623 2116 874 2180 6666161869
897 2137 928 2197 p.
952 2115 1108 2180 97-100.
1131 2117 1346 2180 Accesserant
1367 2113 1473 2200 igitur

345 2217 387 2280 ad
399 2238 542 2302 papyros
559 2218 628 2301 jam
642 2225 739 2282 antea
754 2219 788 2280 in
802 2219 927 2300 Aegyto
941 2224 1109 2300 repertas,
1123 2239 1205 2300 qnae
1222 2213 1333 2282 Iliadis
1348 2216 1468 2281 librum

347 2311 464 2384 XXIV.
489 2326 521 2384 et
536 2319 710 2404 Chrysippi
731 2320 890 2384 librorum
913 2320 990 2403 περὶ
1012 2318 1237 2406 ἀποφατικῶν
1250 2320 1469 2403 fragmentum

346 2423 529 2505 continent,
559 2430 627 2488 tres
649 2423 766 2508 papyri
788 2422 1007 2512 Hyperideae,
1037 2424 1076 2488 de
1100 2423 1217 2507 quibus
1240 2445 1313 2488 oum
1335 2427 1469 2506 propter

333 2526 427 2590 ’61166
451 2544 564 2594 causas
575 2575 584 2608 ,
613 2531 683 2590 tum
706 2525 767 2590 hac
790 2526 886 2590 dere
908 2526 1116 2608 potissimum
1137 2527 1231 2592 nohis
1255 2525 1466 2609 gratulamur,

349 2625 437 2714 qnod
449 2627 623 2711 Hyperidis
638 2630 850 2694 oratoriarum
866 2629 1024 2692 virtutum
1039 2649 1059 2692 a
1078 2629 1241 2693 veteribus
1264 2627 1475 2692 laudatarum>

199 2718 201 2723 ⁵
303 2800 305 2803 ,
353 2736 478 2794 tantem
501 2731 678 2813 aliquando
701 2731 870 2796 certiorem
893 2730 1056 2813 quandam
1079 2724 1219 2815 speciem
1242 2731 1349 2794 animo
1371 2729 1464 2794 infor-

348 2853 438 2898 mare
452 2833 535 2898 licet.
558 2833 606 2897 De
621 2833 934 2917 cognationesquae'
946 2833 1121 2899 intercedit
1135 2834 1223 2898 inter
1242 2834 1301 2898 ha's
1318 2854 1464 2923 papyros,

346 2935 415 3019 egit
436 2933 616 3020 Sauppius,
644 2936 759 3018 philol.
781 2935 829 3000 III
858 2958 888 3018 p.
910 2936 974 2999 610
996 2957 1060 3018 sq,
1091 2937 1178 3019 quod
1200 2937 1240 3002 de
1263 2958 1408 3001 versuum
1429 2936 1463 3000 in

344 3217 393 3264 not
410 3202 488 3264 occur
511 3210 538 3263 in
556 3207 656 3262 several
674 3207 760 3283 worlrs
785 3225 819 3260 on
837 3207 994 3278 Hungarian
1018 3207 1116 3263 literati
1134 3210 1187 3262 and
1204 3193 1355 3283 literature,
1381 3205 1460 3263 where

345 3295 359 3349 I
377 3295 430 3348 had
449 3295 537 3365 hoped
559 3301 588 3347 to
606 3291 678 3347 have'
691 3294 845 3358 discovered
870 3283 907 3348 it'.
944 3294 1107 3365 Episcopum
1129 3295 1207 3366 hujus
1224 3296 1337 3349 nominis
1355 3299 1460 3348 6661616-

347 3387 435 3434 morat
452 3380 499 3433 Fr.
519 3379 680 3450 Forgachius
704 3381 738 3434 de
757 3380 889 3451 Ghymee,
915 3371 1003 3448 rerum
1021 3380 1168 3451 Hungaric.
1194 3382 1234 3436 661
1256 3380 1379 3451 temporis
1395 3399 1460 3434 oom-

350 3472 433 3519 ment.
461 3465 560 3519 Poson.
587 3474 614 3520 et
632 3465 737 3520 666661.
765 3468 845 3530 1188,
865 3484 892 3536 p.
912 3467 976 3522 138:
1001 3465 1315 3523 Paulusssornemiszsza
1332 3468 1458 3538 episcopus

348 3551 436 3605 Albae
446 3551 541 3631 ι161166.
566 3552 638 3605 Alba
648 3551 855 3616 Transilvaniae,
874 3539 942 3621 ‘quae
961 3553 1044 3606 fertur
1054 3551 1126 3606 Julia
1143 3570 1199 3606 esse
1218 3551 1354 3614 nominata
1369 3552 1458 3608 edulia

347 3637 466 3701 Domna,
486 3637 577 3691 Severi
595 3636 716 3708 conjuge,
735 3637 776 3690 M.
787 3635 890 3690 Aurelii
903 3637 1034 3692 Antonini
1047 3638 1197 3692 caracallae
1209 3647 1303 3704 matre,
1323 3639 1396 3693 etiam
1412 3639 1457 3691 hoc

209 3789 212 3797 ¹
264 3717 266 3722 ’
339 3711 471 3792 ’16616616
488 3723 654 3794 episcopatus
679 3729 719 3776 est
736 3722 927 3793 Weissenberg
950 3742 971 3778 6.
992 3724 1135 3800 Carlaburg
1152 3725 1289 3794 nominata
1314 3726 1347 3778 cf.
1364 3726 1404 3778 Fr.
1420 3725 1454 3778 H.
1501 3755 1507 3766 ·

348 3806 398 3859 Th.
413 3806 539 3860 Bischofli
551 3817 578 3862 et
590 3809 616 3862 J.
628 3809 665 3861 H.
681 3807 805 3862 Moelleri
818 3811 948 3862 onomast.
961 3809 1078 3880 compar.
1095 3811 1240 3882 geograph.
1259 3811 1354 3866 veteris
1365 3811 1455 3866 mediae

348 3899 521 3959 navasset,
549 3893 630 3948 Goth.
652 3898 727 3949 1829.
764 3888 869 3948 Floruit
886 3895 929 3950 hic
945 3895 1044 3961 Paulus
1061 3897 1276 3965 Bornemiszsza,
1296 3915 1374 3968 quum
1390 3897 1455 3968 Soly·
1498 3933 1503 3946 ·

242 4041 243 4046 ἵ
348 3995 462 4034 mannus
480 3978 580 4034 bellum
597 3978 703 4050 gereret
720 3997 781 4034 oum
796 3979 942 4052 ‘Hungarisi
