3190 5002
731 382 944 448 ..44-

275 552 413 639 ριπίδου
444 573 531 636 ‚nam
568 551 749 636 Hyperides
785 556 892 620 varias
927 576 987 638 pro
1022 553 1192 640 republica
1222 557 1400 642 legationes

276 656 430 739 suscepit,
452 676 518 721 non
540 655 734 741 Euripides!
778 655 842 722 Sed
860 658 935 741 juro
957 663 1067 723 monet
1089 657 1251 745 Sauppius
1272 682 1317 726 or.
1331 662 1400 727 Ate.

274 758 306 824 11
332 782 363 844 p.
391 759 465 824 216.
495 779 612 842 ‚neque
643 759 822 843 quidquam
851 761 1010 826 traditum
1036 761 1174 845 legimus
1202 762 1400 849 Hyperidem

276 863 421 946 legatum
435 859 611 945 Syracusas
623 862 807 948 profectum
829 883 900 929 esse
911 885 1018 948 neque
1031 864 1161 947 quando
1172 862 1244 930 fieri
1256 869 1400 949 potuerit

276 964 373 1032 facile
395 963 515 1046 aliquis
538 964 791 1049 excogitaverit!
834 966 873 1032 cf.
897 971 964 1032 not.
986 966 1030 1031 ad
1050 966 1208 1050 Harpocr.
1230 991 1261 1052 p.
1286 968 1357 1052 152,
1381 971 1399 1034 7

276 1069 325 1134 ed.
347 1066 495 1133 Dindorf.
519 1066 621 1132 Oxon.
644 1089 672 1133 a.
696 1069 778 1132 1853
801 1070 862 1134 vol.
885 1069 917 1135 II
944 1093 975 1154 p.
995 1069 1067 1135 272.
1090 1070 1162 1134 273.
1206 1067 1400 1137 Schaeferus

275 1173 439 1240 orationes
462 1170 621 1256 quasdam
642 1169 819 1257 Hyperidis
844 1172 894 1237 bis
924 1177 1122 1238 commutato
1138 1176 1279 1238 *tentum
1301 1174 1399 1240 titulo

274 1274 416 1341 traditas
439 1294 510 1339 esse
522 1278 647 1339 censet:
669 1294 716 1340 or.
727 1273 834 1340 XLIII
847 1275 935 1339 κατσί
953 1273 1168 1350 Πασικλέους
1183 1279 1216 1338 et
1234 1295 1280 1339 or.
1294 1275 1399 1342 XLIV

274 1375 357 1466 πρός
378 1375 560 1443 Πασικλέα
583 1376 661 1461 περὶ
690 1374 899 1457 ἀντιδόσεως,
925 1382 1060 1457 (contra
1082 1376 1261 1462 Sauppius:
1291 1385 1399 1460 ,teme-

273 1482 396 1547 rarium
417 1479 502 1546 foret
525 1479 665 1562 credere,
689 1481 879 1562 orationem,
902 1500 986 1562 quae
1008 1485 1094 1544 esset
1116 1479 1199 1567 πρός
1221 1481 1400 1546 Πασικλέα

273 1585 373 1649 toties
384 1603 444 1669 per
458 1601 602 1647 errorem
621 1580 712 1646 κατά
724 1582 934 1659 Πασικλέους
945 1583 1066 1647 dictam
1085 1583 1198 1664 στοαί),
1221 1604 1267 1646 or.
1278 1583 1400 1649 XLVII

275 1685 366 1752 κατά
386 1681 612 1750 Πολυεύκτου
641 1685 719 1769 περὶ
748 1681 807 1749 τοῦ
835 1683 1094 1770 διαγράμματος
1122 1691 1155 1750 et
1176 1685 1294 1750 XLLX
1315 1685 1401 1771 πρὸς

276 1784 497 1855 Πολύευκτον
521 1785 674 1866 (Boeckh.
699 1787 739 1852 de
761 1788 857 1852 inser.
880 1808 952 1854 ναν.
977 1810 1008 1871 p.
1031 1788 1104 1852 249.
1127 1788 1341 1870 posteriorem
1361 1789 1400 1854 de

275 1913 311 1957 re
340 1890 554 1957 trierarchica
590 1887 738 1954 habitam
768 1911 839 1954 esse
872 1896 997 1974 censet,
1034 1890 1177 1975 priorem
1208 1890 1248 1955 de
1275 1889 1400 1957 tributo

273 1993 442 2076 censuali),
472 2013 517 2058 or.
539 1991 694 2058 XXXVII
715 1989 796 2076 ὑπὲρ
818 1986 984 2063 Ξενίππου
1006 1998 1039 2058 et
1061 2014 1107 2057 or.
1125 1991 1298 2057 XXXVIII
1319 1990 1400 2078 ὑπὲρ

273 2088 467 2183 Ξενοφίλου
489 2094 528 2159 cf.
552 2094 666 2178 fragm.
691 2096 761 2158 131.
806 2095 871 2160 Sed
892 2096 1011 2160 desunt
1033 2097 1188 2194 rationes,
1219 2094 1337 2178 quibus
1361 2095 1400 2160 de

274 2198 382 2265 dubiis
412 2197 463 2262 his
494 2197 591 2262 rebus
613 2202 738 2261 certum
762 2197 923 2280 judicium
944 2197 1016 2261 fieri
1038 2198 1152 2282 possit.
1175 2197 1331 2263 Lavesius
1344 2197 1399 2261 l.l.

272 2323 304 2385 p.
328 2302 366 2364 11
390 2299 505 2384 fragm.
529 2301 590 2366 129
611 2297 872 2385 Μεταγειτνιών·
905 2296 1091 2379 Ὑπερείδης
1113 2296 1193 2386 ὑπὲρ
1228 2294 1400 2370 Ξενίππου

274 2423 313 2469 ex
334 2401 593 2486 Harpocratione
614 2405 755 2486 petItum
776 2401 819 2466 ad
834 2401 1080 2487 Euxenippeam
1092 2401 1273 2468 orationem
1288 2400 1399 2466 refert.

274 2503 422 2588 Speciem
436 2504 601 2587 quandam
613 2503 714 2570 habet
731 2505 812 2570 haec
824 2506 1029 2589 conjectura3
1052 2504 1149 2570 facile
1160 2507 1246 2569 enim
1258 2504 1399 2570 scribere

273 2607 382 2693 potuit
403 2606 558 2673 librarius
574 2601 957 2678 ΥΠΕΡΞΕΝΙΠΠΟΥ
964 2629 1025 2692 pro
1043 2607 1200 2671 YHEPE
1204 2601 1345 2677 ΥΞΕΝΙ
1347 2607 1399 2669 Π-

275 2709 389 2786 ΠΟΥ,
419 2731 519 2793 quum
549 2709 732 2774 simillimae
760 2709 848 2775 inter
871 2731 905 2774 se
933 2710 1000 2773 sint
1030 2710 1161 2773 litterae
1182 2710 1246 2774 ΕΡ
1265 2716 1298 2774 et
1319 2710 1352 2773 E
1355 2709 1401 2784 Y,·

273 2813 330 2878 sed
351 2834 417 2878 non
439 2817 489 2877 est
498 2809 751 2897 Μεταγειτνιών
772 2812 807 2875 in
825 2811 1047 2896 Euxenippea.
1069 2812 1185 2896 Itaque
1199 2833 1220 2876 a
1233 2811 1400 2877 divinandi

275 2921 346 2981 arte
363 2914 541 2980 remedium
552 2915 668 2999 petivit
683 2913 733 2976 vir
749 2913 873 2978 doctus.
886 2934 912 2977 c.
923 2914 981 2977 44:
999 2909 1098 2978 corito
1114 2911 1144 2980 δ’
1145 2963 1156 2990 ,
1168 2917 1196 2977 εί
1213 2914 1341 2998 βούλει,
1358 2912 1398 2979 τό

274 3013 388 3102 πρςόηυ
404 3013 470 3080 ἀπὸ
484 3013 550 3081 τῶν
563 3015 732 3081 δικαστῶν
747 3016 903 3102 πραχθὲν
921 3013 981 3080 τοῦ
1001 3011 1201 3092 ἐξελθόντος
1217 3015 1321 3100 μηνός
1333 3009 1401 3092 πῶς

274 3117 313 3184 οό
328 3116 481 3203 μεγάλου
495 3116 633 3184 ἐπαίνου
647 3114 742 3196 ἀξιόυ
761 3116 852 3196 iota·
870 3114 1044 3206 φήναντος
1058 3117 1123 3201 γάρ
1145 3116 1346 3203 Λυσάνδρου
1357 3157 1400 3166 -

274 3217 349 3286 ἀλλ’
372 3216 459 3304 ὅμως
476 3224 508 3286 ot
530 3221 690 3286 δικασταὶ
713 3216 753 3284 οὐ
775 3215 859 3303 πρὸς
880 3216 943 3295 τάς
964 3221 1026 3285 τοῦ
1049 3217 1239 3304 κατηγόρου
1263 3215 1399 3305 ὑποσχέ-

274 3344 344 3396 σεις
373 3321 645 3406 ἀποβλέποντες,
667 3317 769 3407 {ello
792 3316 877 3407 πρός
899 3320 939 3387 τό
968 3319 1104 3389 δίκαιον
1134 3318 1286 3406 ἔγνωσαν
1308 3320 1400 3388 ἴδιον

274 3411 363 3489 εἶναι
385 3423 424 3488 τὸ
444 3425 620 3509 μέταλλον
642 3423 700 3488 καὶ
724 3425 763 3514 τῇ
785 3419 871 3514 αὐτῇ
893 3422 1001 3514 ψήφῳ
1025 3422 1087 3498 τάς
1106 3447 1141 3488 τε
1156 3419 1400 3499 οὐσίαςαότῶν

276 3526 311 3590 έν
332 3523 505 3616 ἀσφαλείᾳ
534 3526 748 3604 κατέστησαν
780 3527 834 3590 καὶ
856 3525 917 3604 την
948 3523 1135 3593 όπόλοιπου
1162 3523 1320 3611 ἐργασίαν
1342 3525 1401 3590 τοῦ

275 3625 445 3712 μετάλλου
474 3627 691 3716 ἐβεβαίωσαν.
724 3630 899 3714 τοιγαροῦν
928 3631 966 3692 αἱ
995 3630 1211 3712 καινοτομίαι
1239 3626 1400 3712 πρότερον

274 3731 529 3816 ἐκλελειμμέναι
550 3729 608 3797 διά
629 3729 690 3795 τόν
711 3727 819 3819 φόβον
833 3728 891 3795 νῦν
907 3730 1120 3816 ἐνεργοῦνται
1132 3731 1190 3794 καὶ
1205 3733 1261 3808 τῆς
1273 3729 1400 3804 πόλεως

277 3835 309 3899 οἱ
332 3833 494 3920 πρόσοδοι
506 3836 544 3897 αἱ
557 3833 693 3899 ἐκεῖθεν
711 3828 1003 3912 πάλιναόξονται,
1022 3827 1064 3907 ἀς
1087 3829 1293 3916 ἐλυμήναντό
1314 3856 1401 3908 τινες

278 3935 341 4001 τῶν
362 3932 517 4023 ῥητόρων
527 3932 802 4016 ἐξαπατήσαντες
820 3934 879 4000 τόν
892 3927 1000 4024 δῆμον
1010 3935 1067 3999 καὶ
1081 3933 1399 4020 δασμολογήσαντες

277 4036 355 4113 τοός
377 4039 636 4132 εκ.....1ίοτσοτ,
658 4038 863 4104 neLavesius
885 4039 919 4105 in
935 4037 1128 4104 emendandi
1139 4037 1246 4104 studio
1262 4038 1398 4103 ulterius
