3190 5002
613 419 656 430 -
698 371 718 446 9
760 421 804 431 ..

152 551 359 620 Ἑστιαιόθεν
381 553 421 618 er.
444 552 583 618 noe-nn.
606 554 625 616 1.
648 555 669 616 l.
691 575 722 637 p.
746 555 824 638 aar,
840 553 910 618 nv
939 559 972 618 es
993 553 1070 618 xvi
1084 523 1118 618 'e
1146 577 1173 618 v.
1198 554 1269 636 104,

153 665 184 722 et
195 655 420 738 Κυδαντίδης,
436 657 497 721 hoc
512 657 582 722 loco
600 656 814 740 Cydantidem
836 658 1082 741 intelligendum
1094 679 1163 722 esse
1175 658 1270 723 docet

151 761 306 845 Harpocr.
329 783 353 825 s.
376 784 404 825 v.
428 757 655 836 Πολύευκτος.
690 759 805 824 Obiter
825 766 953 824 tantum
972 760 1098 844 Suidas,
1121 782 1190 825 esse
1213 761 1269 843 qui
1340 745 1345 755 ¹

150 863 344 948 Hyperidem
366 863 522 947 Pythoele
544 871 638 948 patre
659 870 773 927 natum
796 884 866 927 esse
889 863 1006 941 ferant,
1029 857 1268 946 commemorat,

151 969 268 1031 etenim
291 967 373 1030 alius
396 989 459 1031 non
483 972 591 1032 exstat
613 967 702 1030 locus
725 971 890 1046 veterum,
916 988 979 1048 quo
1003 965 1122 1030 Suidae
1146 967 1269 1030 nitatur

150 1070 318 1134 sententia.
353 1070 432 1133 Jure
455 1070 556 1152 igitur
577 1068 615 1132 G.
631 1071 667 1132 Α.
686 1069 832 1133 Blumius
850 1071 983 1150 (excurs.
1007 1070 1049 1133 ad
1070 1070 1144 1152 Lyc.
1169 1092 1213 1133 or.
1234 1070 1267 1133 in
1297 1118 1301 1126 .
1333 1127 1336 1134 ,

151 1173 260 1236 Leocr.
271 1194 302 1256 p.
315 1171 397 1252 XV.)
410 1172 574 1236 Reiskium
587 1171 762 1256 vituperat,
786 1174 842 1255 qui
854 1173 887 1236 in
901 1172 1007 1236 indice
1018 1172 1267 1236 Demosthenico

151 1274 301 1338 Cleandri
323 1273 426 1338 filiurn
450 1273 634 1358 Sphettium
663 1275 764 1338 fuisse
778 1275 915 1356 scribit,
947 1282 1046 1358 atque
1068 1275 1184 1338 mirm‘n
1208 1275 1267 1357 est,

152 1375 351 1441 Dindorfium
373 1376 407 1439 in
430 1378 604 1440 novissima
627 1376 769 1440 editione
795 1379 876 1441 18117
899 1377 985 1441 idem
1007 1399 1149 1459 pecasse.

232 1479 311 1542 Tres
333 1475 485 1543 floruisse¹
502 1479 683 1562 Hyperides
703 1467 844 1543 Athehis
868 1480 1095 1544 Demosthenis
1118 1479 1271 1560 aequales
1393 1477 1396 1486 ’

149 1589 257 1644 censet
279 1582 425 1644 Blumius
448 1583 467 1644 l.
490 1583 525 1644 l.:
550 1581 703 1645 Cleandri
725 1582 828 1646 filium
852 1581 1054 1663 Sphettium,
1079 1583 1134 1664 qni
1156 1581 1270 1646 Demo-

149 1683 262 1747 sthene
278 1683 358 1747 duce
371 1683 412 1746 ad
430 1683 601 1747 Thebanos
613 1705 679 1747 una
694 1705 765 1748 oum
779 1685 851 1748 aliis
866 1685 1060 1776 quibusdam
1076 1685 1272 1767 legationem
1354 1707 1358 1716 ’
1399 1767 1401 1770 Ι

150 1785 277 1866 obierit,
300 1791 333 1848 et
345 1783 541 1849 Callaeschri
557 1785 659 1849 filiurn
676 1786 906 1867 obscuriorem,
923 1788 979 1868 qni
991 1792 1120 1852 tantum
1138 1792 1273 1870 propter

149 1888 370 1952 testimonium
391 1888 425 1950 in
450 1908 547 1951 cansa
570 1887 803 1972 Ctesiphontea
826 1895 1112 1971 commemoretur,
1140 1894 1273 1970 praeter

149 1989 389 2054 celeberrimum
402 1995 574 2072 oratorem,
585 2011 690 2071 quem,
699 1992 958 2073 quotiescunque
967 1992 1163 2054 mentionem
1172 1990 1272 2054 faciat

151 2092 217 2173 ejus
227 2091 470 2172 Demosthenes,
487 2098 524 2154 ut
532 2094 612 2155 satis
620 2098 733 2156 notum
742 2113 848 2175 neque
857 2092 961 2176 patris
971 2093 1161 2176 nequepagi
1170 2093 1271 2157 nomi-

150 2192 242 2256 nibus
251 2193 371 2257 additis
380 2196 563 2258 accuratius
573 2194 745 2259 describat.
768 2195 830 2259 Sed
845 2217 917 2259 cnm
926 2195 1112 2278 Droysenus
1124 2196 1158 2258 in
1168 2195 1271 2260 diario

44 2315 55 2328 ·
150 2295 232 2359 stud.
255 2297 380 2386 antiqu.
404 2317 431 2359 a.
459 2297 539 2360 1839
561 2319 592 2379 p.
617 2299 678 2362 702
700 2319 771 2380 sqq.
794 2304 828 2361 et
849 2321 880 2382 p.
903 2298 965 2362 818
990 2320 1060 2380 sqq.
1076 2297 1115 2361 cf.
1129 2303 1190 2362 act.
1209 2318 1272 2361 soc.

150 2398 264 2462 Saxon.
288 2397 303 2460 I
326 2421 356 2481 p.
380 2399 420 2462 oo
437 2419 508 2480 sqq.
523 2400 707 2463 luculenter
722 2400 989 2484 comprobaverit,
1013 2399 1188 2464 subditicia
1204 2419 1271 2464 esse

141 2485 388 2580 *testimoniam
401 2501 516 2582 quihus
526 2495 1271 2587 utriusquereperireturnomenfflem.XVIII,
1309 2487 1311 2492 ⁸

151 2603 209 2665 137
234 2608 267 2665 et
291 2603 382 2688 187),
407 2605 618 2685 neutriusque
641 2603 719 2666 alibi
741 2605 863 2668 mentio
886 2605 961 2685 fiat,
994 2625 1047 2667 eos
1071 2610 1270 2668 commentus

149 2710 199 2768 est
222 2705 277 2786 qui
300 2704 438 2768 confecit
460 2705 657 2769 testimonia.
697 2703 746 2768 Ex
761 2707 841 2789 ¹ipsa
862 2704 1091 2770 Demosthenis
1115 2704 1270 2769 societate

146 2806 186 2871 de
208 2806 372 2889 Hyperide
395 2813 521 2871 oratore
544 2807 753 2890 cogitandum
777 2829 847 2872 esse
870 2813 980 2872 censet
993 2808 1189 2890 Droysenus,
1212 2807 1270 2871 sed

146 2908 323 2990 legationes
332 2907 372 2971 ab
388 2906 425 2972 eo
435 2909 682 2974 administratae
693 2932 765 2974 cum
781 2910 863 2974 aliae
872 2910 1002 2974 disertis
1018 2909 1122 2974 verbis
1136 2929 1270 2974 comme.

147 3015 331 3092 morentur,
360 3009 421 3072 hac
451 3017 561 3074 tamen
589 3033 660 3076 cum
683 3012 902 3076 Demosthene
929 3011 1077 3076 sunctum
1100 3033 1170 3076 esse
1192 3013 1271 3077 alibi

147 3131 211 3175 non
234 3112 378 3195 legimus
764 3097 768 3104 ¹

232 3214 330 3277 Ortus
345 3221 395 3278 est
403 3214 718 3296 Hyperidesedivite
727 3222 833 3298 gente,
851 3217 1163 3298 cujusanteportam
1174 3237 1270 3299 eque-

145 3323 246 3380 strem
269 3317 477 3400 sepulchrum
500 3318 701 3400 gentilicium
724 3323 795 3382 erat
817 3318 883 3402 (Pe.
896 3317 982 3382 Plut.
994 3341 1026 3402 p.
1039 3319 1101 3382 849
1125 3317 1181 3406 C),
1194 3341 1269 3401 quo

143 3439 230 3481 anno
252 3424 349 3481 natus
372 3419 425 3501 sit,
449 3440 514 3482 non
537 3419 695 3483 traditum
718 3427 769 3483 est
784 3441 890 3503 neque
909 3426 1020 3504 potest
1037 3420 1076 3484 de
1090 3421 1152 3484 hac
1173 3441 1269 3502 quae-

143 3521 250 3585 stione
269 3520 446 3603 quidquam
462 3520 577 3603 conjici
594 3542 632 3584 ex
648 3521 851 3586 orationibus
865 3524 1014 3606 repertis.
1051 3523 1269 3588 Demosthene

143 3623 303 3688 minorem
326 3622 443 3704 fuisse,
474 3643 513 3686 ex
535 3622 586 3686 Ps.
609 3622 787 3689 Plutarcho
811 3624 976 3688 concludit
999 3624 1124 3690 Schaef.
1154 3626 1174 3688 1.
1195 3625 1216 3688 1.
1239 3625 1270 3689 II

140 3749 172 3809 p.
196 3725 269 3788 298.
294 3727 309 3787 1
335 3745 429 3807 quern
452 3725 628 3789 secundum
651 3728 806 3810 temporis
828 3727 987 3791 rationem
1001 3728 1086 3791 vitas
1104 3733 1270 3792 oratorum

141 3847 312 3898 enarrasse
326 3833 451 3890 censet:
466 3825 641 3891 Aeschines
655 3827 822 3911 Lycurgus
837 3828 1071 3893 Demosthenes
1079 3827 1270 3913 Hyperides

142 3927 207 3993 Sed
230 3931 257 3992 si
278 3930 326 3994 ita
347 3929 531 4011 statuimus,
554 3929 701 4013 Lycurgo
716 3929 893 3995 Aeschines
915 3936 996 3996 natu
1018 3927 1122 4016 major
1144 3932 1269 3997 fuisset.

142 4029 393 4116 Incontrariam
410 4031 606 4098 sententiam
620 4032 792 4098 discedunt
808 4032 1034 4098 Boehneckius
1047 4041 1081 4099 et
1095 4033 1268 4115 Girardus3
