3190 5002
724 367 936 430 ,ης-

330 544 387 600 uu
407 524 685 600 innumera
706 546 792 600 uun
815 536 1035 622 ιῑσαγμιιαι
1055 546 1324 604 accusaums

731 649 930 703 nooman.

354 775 503 840 Tradunt
513 775 768 858 Harpocration:
793 774 811 843 ὁ
834 779 870 843 δὲ
883 775 1022 859 διώκων,
1045 778 1103 844 ἐάν
1125 777 1170 863 μη
1195 775 1268 871 ἕλῃ,
1294 777 1391 846 οὐδὲν

271 881 461 964 ζημιοῦται,
497 877 586 956 πλην
621 879 679 942 ε’άν
711 878 751 943 τὸ
784 880 934 963 πέμπτον
966 882 1067 964 με’ρος
1100 883 1163 947 τάν
1192 881 1316 969 ψήφων
1342 879 1388 965 μη

266 979 462 1068 μεταλάβῃ,
485 978 561 1046 τότε
588 978 697 1066 χιλίας
727 979 873 1046 ἐκτείνει·
904 981 941 1046 τὸ
967 986 1001 1048 δὲ
1031 983 1177 1066 παλαιὸν
1210 986 1267 1048 καλ
1297 976 1391 1048 οὗτοι

266 1082 427 1170 μειζόνως
449 1082 655 1163 ἐκολάζοντο
679 1089 711 1148 et
732 1084 848 1148 Pollux
871 1084 972 1170 (VIII,
992 1085 1042 1150 aa.
1063 1085 1118 1172 53)
1142 1082 1194 1149 ὅτι
1218 1086 1252 1149 δὲ
1277 1082 1296 1149 ὁ
1319 1082 1390 1150 εἰσ-

267 1183 426 1272 αγγείλας
454 1189 509 1250 καὶ
540 1185 599 1272 οὐχ
629 1183 709 1250 ἔλων
730 1184 875 1268 άζίςμιος
898 1172 952 1267 ἦν,
974 1184 1163 1274 Ὑπερείδης
1184 1188 1218 1251 ἐν
1241 1189 1286 1272 τῷ
1308 1185 1389 1275 ὑπὲρ

267 1287 491 1375 Λακόφρονός
514 1311 608 1377 φησι.
633 1287 745 1353 καίτοι
771 1313 808 1374 γε
834 1286 1085 1374 ὁθεόφραστος
1109 1290 1185 1365 τοάς
1205 1293 1267 1373 μὲν
1286 1288 1391 1366 άλλας

266 1392 402 1481 γραφάς
422 1394 657 1477 γραψαμένους
675 1387 787 1477 χιλίας
810 1389 836 1454 τ’
860 1389 1088 1472 ὀφλισκάνειν,
1112 1386 1144 1454 εί
1160 1396 1220 1456 τοῦ
1238 1392 1391 1474 πέμπτον

267 1496 329 1560 τῶν
350 1492 475 1580 φηφων
494 1493 542 1576 μη
564 1490 807 1578 μεταλάβοιεν,
837 1494 894 1553 καὶ
918 1494 1231 1576 προσατιμοῑισθαι·
1255 1492 1332 1568 τούς
1355 1496 1389 1559 δὲ

266 1596 544 1681 ελσαγγὲλλοντας
565 1595 612 1681 μη
643 1594 858 1680 άτιμοῦσθαι
878 1599 948 1679 μὲν,
976 1593 1096 1682 ὄφλειν
1126 1599 1161 1660 δὲ
1187 1594 1245 1669 τάς
1269 1593 1388 1681 χιλίας.

268 1695 355 1764 ἔοικε
388 1699 423 1763 δὲ
453 1701 553 1763 τοῦτο
584 1697 641 1763 ὂιά
669 1698 747 1772 τούς
782 1692 904 1781 ῥᾳδίως
940 1693 1221 1782 είσαγγέλλοντας
1250 1693 1389 1781 ὕστερον
1431 1697 1439 1704 ’

265 1799 553 1889 προσγεγράφθαι
575 1808 608 1865 et
631 1823 669 1864 ex
691 1799 803 1864 codem
826 1799 916 1895 [onte
939 1804 1022 1863 airot.
1045 1800 1106 1863 lex.
1130 1798 1213 1863 rhet.
1237 1798 1389 1864 Cantabr.

266 1927 297 1987 p.
313 1905 434 1987 Gll,8:
458 1903 647 1988 πρόστιμον
660 1903 764 1967 ἐκεῖνο
788 1899 834 1986 τῷ
854 1899 899 1984 μη
921 1900 1152 1984 μεταλαβόντι
1174 1900 1213 1965 τά
1236 1901 1390 1984 πέμπτον

265 2004 378 2091 μέρος,
409 2003 449 2081 ὡς
472 2004 689 2094 Θεόφραστος
711 2005 746 2069 ἐν
768 2003 907 2092 πέμπτῳ
936 2005 1009 2091 περὶ
1037 2003 1161 2087 νόμων·
1194 2003 1228 2068 ἐν
1260 2006 1295 2067 δὲ
1320 2009 1389 2079 τοῖς

267 2105 444 2188 δημοσίοις
471 2105 595 2187 άγῶσιν
628 2106 823 2190 ε’ζημιοῦντο
854 2103 984 2192 πρῶτον
1014 2104 1097 2190 πρὸς
1127 2103 1277 2190 άτιμίαν,
1306 2101 1388 2170 ὥστε

264 2208 310 2292 μη
335 2208 459 2287 ἐξεῖναι
480 2207 563 2293 μήτε
588 2208 794 2296 γράψασθαι
809 2205 1023 2293 παρανόμων,
1038 2205 1120 2290 μήτε
1138 2205 1284 2296 φαίνειν,
1305 2207 1387 2292 με’τε

264 2309 485 2398 ὑφηγεῖσθαα
509 2311 568 2377 ἐάν
590 2310 813 2398 γραψάμενος
834 2310 880 2394 μη
905 2305 1083 2399 ἐπεξέλθῃ,
1108 2306 1233 2393 ὁμοίως·
1257 2311 1332 2394 περὶ
1355 2310 1389 2376 δὲ

265 2416 325 2491 τῆς
346 2411 568 2498 εἰσαγγελίας,
596 2411 655 2478 ε’άν
683 2413 729 2499 μη
758 2410 928 2501 μεταλάβῃ
962 2411 1000 2475 τά
1024 2413 1175 2497 πέμπτον
1203 2413 1302 2497 μέρος
1324 2414 1388 2477 τῶν

266 2513 389 2603 ηιηφων
412 2518 442 2580 οἱ
465 2517 628 2582 δικασταὶ
649 2517 793 2601 τιμῶσιν.
816 2517 1013 2598 Repugnant
1034 2515 1121 2579 inter
1140 2537 1174 2579 se
1196 2514 1277 2578 haec
1298 2515 1388 2579 testi-

265 2618 389 2700 φονίας
419 2618 577 2685 Luzacius
599 2620 639 2684 de
662 2618 795 2683 Socrate
818 2620 885 2682 cive
907 2639 938 2700 p.
963 2618 1039 2682 110:
1070 2618 1215 2701 scillcet,
1238 2623 1276 2681 ut
1297 2623 1387 2682 recte

265 2719 392 2803 Pollux,
415 2742 520 2806 poena
534 2721 686 2786 infamiae
701 2721 774 2785 aliis
786 2720 820 2783 in
833 2721 938 2784 causis
950 2724 1081 2804 praeter
1094 2719 1250 2783 mulctam
1262 2725 1389 2784 statuta

265 2829 380 2887 contra
390 2823 475 2906 illos,
489 2824 545 2906 qui
560 2846 619 2907 per
636 2823 830 2887 calumniam
846 2821 1053 2905 accusabant,
1066 2823 1180 2886 seriori
1190 2820 1389 2906 reipublicae

266 2929 375 2990 aetate
397 2924 556 3009 abrogata
578 2925 641 2990 fuit
663 2926 697 2988 in
721 2923 981 2989 accusationibus
1003 2923 1154 3007 publicis,
1179 2944 1262 3006 quac
1279 2920 1388 3006 εἰσαγ-

265 3025 378 3110 γελίαι
407 3027 616 3111 dicebantur,
642 3033 680 3092 ut
709 3049 745 3092 eo
775 3027 880 3091 tutius
910 3026 1101 3108 faciliusque
1138 3026 1387 3090 calumniatores

265 3134 380 3194 contra
401 3129 607 3195 innocentem
631 3131 774 3212 quemvis
797 3128 1044 3213 grassarentur'.
1087 3128 1124 3192 Id
1145 3133 1203 3210 est,
1233 3127 1319 3212 quod
1341 3129 1388 3192 alt

263 3231 519 3314 Harpocration:
546 3233 601 3296 καὶ
631 3222 724 3296 οὗτοι
754 3229 793 3295 τὸ
816 3230 966 3296 παλαιὸν
993 3228 1155 3314 μειζόνως
1176 3229 1387 3310 ἐκολάζοντο.

265 3332 423 3398 Similiter
444 3333 595 3417 Meierus,
617 3333 669 3398 cui
691 3333 896 3417 obtemperat
916 3331 1100 3397 Boeckhius
1124 3332 1163 3397 de
1182 3353 1246 3398 σεο.
1269 3331 1386 3397 Athen.

265 3459 296 3520 p.
319 3436 334 3499 Ι
355 3436 419 3500 499
440 3437 482 3520 h,
505 3437 547 3502 ad
569 3437 630 3502 lex.
653 3435 736 3500 rhet.
752 3434 904 3501 Cantabr.
928 3435 949 3499 l.
971 3435 991 3497 l.
1014 3458 1045 3519 p.
1062 3434 1218 3500 XXXIII:
1240 3435 1387 3518 ,Errasse

264 3537 439 3621 Pollucem,
472 3541 528 3622 qui
557 3537 753 3604 subdiderIt:
786 3536 875 3602 ἔοικε
899 3540 934 3603 δὲ
959 3541 1060 3602 τοῦτο
1084 3537 1142 3604 διά
1168 3538 1241 3612 τούς
1263 3534 1413 3625 ῥαδίως.

263 3634 542 3725 εἰσαγγέλλοντας
554 3636 1013 3726 ὕστερονζπροσγεγράφθαι,
1024 3640 1092 3722 jam
1105 3640 1226 3704 dudum
1235 3642 1388 3722 apparuit

264 3761 303 3805 ex
314 3741 588 3827 Harpocratione3
605 3764 644 3806 ex
658 3742 720 3806 hoc
738 3744 823 3808 enim
839 3741 1094 3824 intelligebatur,
1111 3743 1208 3825 plane
1221 3740 1385 3824 άζημίους

263 3843 364 3908 irrisae
393 3850 523 3910 tantum
553 3845 765 3930 εἰσαγγελίας
793 3845 988 3923 κακάσεωςῑ)
1020 3843 1104 3928 πρὸς
1133 3841 1191 3908 τὸν
1219 3842 1384 3931 άργοντα,Ι

333 3980 352 4052 ¹)
371 3981 404 4035 cf.
423 3978 527 4036 Isaeum
544 3981 596 4046 HI,
615 3985 664 4035 46:
690 3982 732 4031 καὶ
755 3980 788 4030 clv
807 3978 978 4046 εἰσήγγειλλες
995 3980 1065 4047 πρὸς
1083 3979 1130 4033 σάν
1155 3981 1267 4050 ἄρχοντα
1291 3983 1385 4032 κακοῦ-

264 4071 331 4117 σθαι
348 4067 396 4132 τὴν
418 4070 561 4137 ἐπίκληρον
585 4066 638 4120 ὑπὸ
665 4071 711 4119 τοῦ
737 4064 885 4131 εἰσποιητου
910 4065 992 4126 οὕτως
1015 4067 1188 4138 ὑβριζομένην
1210 4070 1252 4119 καὶ
1270 4067 1383 4138 άκληρον
