3190 5002
625 372 837 436 „73-

176 539 226 606 01.
251 541 321 625 106,
346 540 360 605 1
386 562 459 606 cum
472 541 661 608 Potidaeam
678 548 890 627 expugnaret,
913 541 1022 628 copias
1044 542 1293 612 Atheniensium

175 665 215 710 ex
237 643 315 710 urbe
337 644 487 710 eduxisse
507 644 695 729 Philippum
717 645 928 728 Athenasque
956 646 1080 710 misisse
1101 647 1295 713 verecundia

176 752 372 812 commotum
402 743 441 812 οὐ
461 745 530 831 μήν
558 744 633 811 άλλ’
656 742 674 812 ὁ
699 745 875 824 Φίλιππος
902 744 1092 813 Ποτίδαιαν
1114 749 1294 835 ἐκπολιορ-

176 846 281 928 κήσας
293 849 355 927 τήν
364 854 424 932 μὲν
438 851 499 914 τῶν
511 845 696 926 Ἀθηναίων
711 849 864 935 φρουράν
879 847 1042 935 ἐξήγαγεν
1053 849 1086 914 ἐκ
1099 854 1157 929 τῆς
1168 850 1294 926 πόλεως

174 952 232 1015 καὶ
260 950 516 1036 φιλανθρώπως
538 950 621 1041 αὐτῇ
651 950 962 1035 προσενεγκάμενος
990 947 1221 1029 ἐξαπέστειλεν
1248 951 1296 1027 είς

174 1053 237 1129 τάς
252 1052 408 1132 Ἀθήνας.
431 1051 566 1138 σφόδρα
583 1055 647 1138 γάρ
660 1051 829 1141 εὐλαβεῖτο
842 1053 901 1118 τὸν
912 1056 1020 1136 δῆμον
1032 1057 1098 1118 τῶν
1108 1054 1294 1135 Ἀθηναίων

175 1152 233 1222 διά
255 1157 293 1222 co*
322 1152 432 1242 βάρος
455 1157 514 1220 καὶ
542 1155 581 1221 τό
612 1153 744 1240 άξίωμα
776 1157 834 1235 τῆς
861 1154 1024 1237 πόλεωςή)
1068 1157 1161 1222 Bello
1184 1156 1296 1222 sociali

174 1256 225 1322 01.
249 1260 319 1341 106,
345 1261 361 1322 1
386 1280 405 1322 a
428 1257 528 1341 Chiis,
551 1257 698 1341 Rhodiis,
720 1258 888 1342 Byzantiis
900 1258 1042 1324 Lamnus
1063 1258 1191 1324 imbrus
1212 1259 1295 1324 aliae

173 1361 301 1425 insulae
335 1360 583 1427 Atheniensium
615 1362 752 1446 imperio
771 1360 936 1426 subditae
972 1361 1123 1446 Philippo
1157 1361 1295 1426 fortasse

174 1464 333 1528 incitante
357 1463 546 1528 devastatae
575 1469 652 1528 sunt
675 1464 713 1527 of.
737 1463 831 1528 Diod.
855 1462 916 1527 Sic.
938 1462 1025 1546 XVI,
1047 1466 1098 1527 21.
1142 1463 1186 1526 Et
1209 1461 1296 1544 quod

173 1565 237 1631 hoc
266 1586 351 1629 anno
378 1549 447 1648 jam
477 1566 584 1632 factae
614 1572 708 1630 erant
737 1567 935 1648 irruptiones
959 1571 991 1630 et
1015 1565 1101 1647 quod
1122 1565 1296 1649 Philippus

175 1675 246 1732 tum
267 1667 456 1733 inimicitias
485 1689 552 1733 nou
574 1667 689 1732 habuit
712 1690 784 1733 cum
806 1667 1071 1751 Atheniensibus,
1101 1666 1208 1732 facere
1230 1688 1296 1731 non

145 1789 149 1796 ’
172 1789 317 1855 possum,
341 1771 420 1852 quin
443 1769 492 1834 01.
518 1771 588 1852 106,
611 1773 632 1836 2
654 1771 705 1835 vel
727 1771 837 1853 potius
860 1771 880 1834 3
903 1770 1031 1834 demum
1049 1770 1207 1853 irrupisse
1221 1768 1295 1832 Phi-

172 1873 300 1959 lippum
322 1891 480 1938 censeam.
523 1871 643 1938 Postea
665 1872 745 1938 duos
768 1892 871 1935 annos
893 1869 939 1936 ibi
961 1877 1109 1936 versatus
1132 1877 1182 1937 est
1196 1871 1295 1955 Lyco-

173 1974 282 2060 phron
310 1973 521 2059 hipparchus
553 1973 697 2057 01101,
723 1977 738 2037 1
763 1995 836 2039 eum
858 1995 923 2038 uon
952 1973 1098 2058 potuisse
1120 1973 1213 2057 fungi
1234 1973 1297 2054 hoo

172 2097 324 2158 munere,
354 2098 394 2140 ex
417 2099 454 2142 eo
477 2077 691 2160 intelligitur,
722 2076 810 2159 quod
839 2083 918 2141 tunc
940 2076 1107 2141 Menelaus
1139 2075 1296 2141 exercitui

172 2185 341 2264 praeerat,
378 2180 462 2244 alter
491 2201 629 2264 pompae
659 2179 825 2244 ducendae
855 2200 954 2244 causa
980 2178 1139 2243 Lemnum
1168 2179 1297 2262 legatus

173 2288 232 2346 est.
277 2281 512 2346 Demosthenes
535 2282 590 2364 IV,
619 2284 660 2346 32
690 2286 884 2365 perpetuum
914 2281 1093 2346 exercitum
1114 2280 1296 2363 parandum

172 2405 242 2450 esse
260 2382 356 2466 jubet
377 2384 519 2448 militum
540 2385 768 2467 grassantium,
792 2384 849 2464 qui
861 2383 1084 2448 Macedoniam
1103 2403 1297 2466 quocunque

171 2486 267 2551 modo
289 2491 393 2567 vexet,
416 2490 632 2550 mercaturam
651 2489 684 2548 ot
699 2491 912 2550 commeatum
925 2487 1098 2570 impediat,
1120 2485 1296 2550 exercitum

171 2587 417 2674 praedator-ium
452 2587 598 2652 hibernis
633 2588 682 2651 uti
712 2586 833 2652 Lemno
869 2589 1006 2670 aliisque
1035 2587 1150 2652 insulis
1180 2609 1296 2670 oppor-

171 2693 260 2758 tunis
282 2696 343 2755 etc.
387 2689 421 2754 si
442 2689 636 2774 Lycophron
659 2711 731 2753 cum
754 2689 920 2771 equitatus
932 2690 1181 2756 Atheniensium
1202 2695 1297 2774 parte

167 2795 237 2878 jam
260 2793 310 2857 01.
334 2793 405 2875 106,
428 2793 448 2856 3
472 2798 504 2855 ot
525 2793 546 2856 4
569 2792 684 2858 Lemni
706 2799 853 2857 versatus
876 2799 971 2876 osset,
994 2793 1057 2857 hoc
1078 2814 1145 2857 non
1165 2798 1297 2875 poterat

173 2894 437 2981 praetermittere
459 2894 703 2989 Demosthenes.
747 2896 774 2959 E
799 2894 913 2984 [Diam]
933 2895 1017 2977 LIX,
1041 2896 1070 2958 3.
1088 2895 1110 2958 4
1132 2893 1297 2959 concludit

170 2999 208 3063 A.
232 2995 436 3079 Schaelerm,
458 2998 614 3080 impetum
636 2997 841 3062 inLemnum
863 2997 1005 3062 insulam
1027 2997 1150 3062 factum
1168 2997 1297 3082 expedi-

170 3098 315 3166 tionibus
351 3098 386 3161 in
413 3098 580 3164 Euboeam
610 3105 643 3164 et
672 3099 852 3183 Olynthum
887 3099 1050 3164 institutis
1084 3099 1297 3164 antecessisse

171 3200 404 3286 δοκιμασθεὶς
426 3204 462 3268 δὲ
484 3199 541 3285 (sc.
564 3199 830 3285 Ἀπολλόδωρος)
856 3201 915 3266 καὶ
938 3198 1064 3284 ὀμόσας
1084 3202 1144 3266 τόν
1155 3199 1298 3284 νόμιμον

172 3295 284 3388 ὅρκον,
315 3300 508 3384 συμβάντος
535 3303 576 3393 τῇ
605 3301 699 3368 πόλει
730 3304 846 3386 καιροῦ
878 3301 1029 3368 τοιούτου
1058 3304 1118 3366 καὶ
1139 3303 1297 3386 πολέμου,

171 3405 205 3470 ἐν
227 3396 250 3492 ᾧ
274 3395 316 3482 ήν
338 3400 361 3482 ή
384 3403 595 3486 κρατήσασιν
623 3402 704 3487 ὑμῖν
736 3403 903 3490 μεγίστοις
935 3406 997 3469 τῶν
1026 3402 1190 3484 Ἑλλήνων
1210 3395 1298 3471 εἶναι

170 3507 227 3571 καὶ
254 3503 527 3586 α’μφισβητήτως
561 3504 602 3570 τά
625 3530 658 3570 τε
688 3503 833 3591 ὑμέτερα
863 3507 973 3572 αὐτῶν
1003 3504 1210 3591 κεκομίσθαι.
1240 3509 1297 3570 καὶ
1364 3527 1366 3530 ·

172 3607 533 3690 καταπεπολεμηκέναι
573 3607 766 3688 Φίλιππον,
793 3605 817 3686 d
845 3605 1052 3696 άστερήσασι
1088 3612 1127 3699 τῇ
1153 3605 1298 3698 βοηθείᾳ

171 3711 227 3774 καὶ
247 3708 444 3794 προεμένοις
466 3709 543 3785 τοιίς
555 3709 763 3797 συμμάχους,
786 3711 829 3778 δι’
841 3707 986 3795 άπορίαν
1005 3709 1186 3795 χρημάτων
1196 3734 1297 3775 κατα-

240 3949 260 4020 ¹)
279 3947 388 4019 [Dem]
405 3947 467 4013 VII,
488 3954 503 4002 9
522 3948 555 4002 de
573 3955 694 4020 tempore
712 3955 773 4020 post
786 3948 934 4019 Olynthum
952 3950 1046 4002 urbem
1064 3953 1242 4019 expugnatam
1259 3949 1298 4002 in-

171 4032 343 4103 telligendum
361 4051 417 4088 esse
435 4041 526 4088 monet
543 4035 694 4090 Voemelius
712 4034 755 4088 ad.
775 4035 793 4088 1.
813 4035 831 4088 1.
