3190 5002
668 389 881 464 ...29-

212 559 379 655 ἕκατέραν
406 563 539 656 γνάμας
568 567 753 657 Ὑπερείδης
774 568 900 658 γράφει
920 565 998 654 μηδ’
1019 567 1119 659 ἑτέρῳ
1143 572 1335 655 συμμαχεῖυ.

210 672 325 756 ,Quam
347 673 626 737 narratiunculam
647 671 788 738 rhetoris
810 677 1025 737 commentum
1048 673 1125 737 esse'
1155 672 1335 737 arbitratur

210 773 365 840 Rabiusl.
380 775 494 860 l.p.8;
516 774 654 840 fortasse
678 773 832 858 Syrianus
854 774 936 839 falso
959 775 1000 839 ad
1022 774 1166 860 Philippi
1188 779 1335 859 tempora

209 877 349 959 rettulit,
373 877 459 961 quod
481 876 524 941 ad
544 877 722 942 Alexandri
744 876 922 962 primordia
943 879 1036 961 regni
1057 875 1263 941 referendum
1284 881 1334 941 est

209 978 249 1043 cf.
286 978 411 1044 Schaef.
446 980 467 1044 l.
494 980 516 1044 1.
545 979 593 1044 IH
628 1003 659 1064 p.
693 979 763 1043 106.
798 981 818 1043 2
851 979 971 1044 Justiu.
999 980 1054 1043 XI.
1090 981 1127 1044 2:
1162 980 1334 1044 nuntiatur

211 1080 660 1162 (Alexandrol'Athenienses
683 1086 716 1145 et
735 1081 1008 1147 Lacedaemonios
1031 1081 1071 1146 ab
1095 1101 1132 1147 eo
1155 1080 1197 1145 ad
1219 1081 1334 1146 Persas

210 1182 364 1249 defecisse
386 1189 616 1266 auctoremque
640 1184 709 1267 ejus
732 1182 920 1249 defectionis
942 1205 1060 1268 magno
1083 1205 1162 1248 auro
1186 1204 1205 1247 a
1227 1182 1334 1248 Persis

210 1293 398 1371 corruptum
435 1286 686 1352 Demosthenem
716 1292 877 1351 oratorem
910 1288 1080 1352 exstitisse.
1120 1283 1236 1352 Aesch.
1275 1285 1333 1368 HI,
1374 1327 1381 1342 ·

209 1389 271 1453 239
293 1411 365 1471 sqq.
387 1387 461 1478 156.

294 1490 407 1556 Subito
436 1493 569 1556 nuntius
591 1492 738 1576 perlatus
768 1497 817 1556 est
838 1490 985 1556 Athenas
1007 1490 1104 1575 Aegis
1126 1489 1333 1555 interfectum

209 1615 277 1658 esse
305 1592 493 1679 Philippum
523 1600 556 1659 et
585 1615 657 1659 cum
684 1595 795 1679 paullo
825 1599 900 1679 post
929 1594 1026 1657 etiam
1048 1593 1270 1658 Alexandrum
1298 1594 1332 1656 in

207 1697 331 1780 proelio
361 1696 491 1780 Illyrico
522 1696 703 1777 cecidisse1)
740 1718 852 1761 rumor
886 1695 1149 1780 increbresceret,
1186 1694 1334 1760 Thebani

207 1799 399 1864 seditionem
420 1784 568 1863 fecerunt
582 1797 821 1881 Cadmeamque
842 1803 1128 1883 oppugnaverunt3
1151 1798 1333 1883 permultae

206 1901 355 1965 civitates
378 1901 500 1965 auxilia
520 1902 688 1965 miserunt.
718 1899 783 1964 Sed
794 1902 1003 1985 superstitem
1023 1921 1091 1965 esse
1100 1899 1332 1982 Alexandrum,

206 2023 280 2066 mox
302 2004 396 2067 testis
418 2001 481 2066 fuit
502 2003 684 2067 miserrima
711 2002 896 2068 Thebarum
919 2003 1106 2086 destructio,
1131 2023 1196 2084 qua
1220 2007 1333 2066 tantus

205 2109 309 2169 totam
321 2103 491 2170 Graeciam
502 2106 621 2170 invasit
632 2111 749 2188 terror,
771 2110 809 2170 ut
823 2105 934 2190 copiae
950 2105 1153 2189 singularum
1164 2104 1332 2170 civitatum

205 2206 317 2271 statim
346 2207 476 2272 domum
505 2208 660 2272 redirent.
703 2206 753 2271 Ab
775 2206 1028 2273 Atheniensibus
1058 2207 1237 2294 postulavit
1265 2228 1332 2290 rex,

204 2314 242 2373 ut
263 2316 409 2375 oratores
432 2316 465 2376 et
487 2310 594 2392 duces,
619 2332 756 2392 quorum
780 2308 899 2375 fiducia
916 2316 985 2375 tam
998 2331 1094 2396 saepe
1108 2309 1332 2391 rebellassent,

207 2411 270 2476 sibi
301 2413 498 2478 dederentur
528 2412 567 2476 cf.
595 2411 714 2476 lustin.
742 2412 798 2476 XI.
826 2415 857 2496 4,
882 2415 930 2478 10.
975 2413 1023 2478 De
1051 2413 1169 2479 horum
1198 2433 1331 2478 numero

205 2518 237 2578 et
260 2514 444 2580 nominibus
462 2515 532 2598 jam
554 2519 679 2580 1111111
708 2516 882 2598 scriptores
911 2537 977 2580 non
999 2517 1217 2580 consentiunt.
1261 2513 1331 2579 Ido-

204 2637 337 2682 meneus
367 2621 400 2681 et
431 2616 529 2682 Duris
559 2616 736 2682 Plutarcho
767 2623 850 2680 teste
883 2616 1192 2702 (111111111123)
1222 2617 1330 2681 decem

204 2719 387 2801 postulasse
416 2741 526 2803 regem
554 2719 771 2801 tradiderunt,
801 2720 887 2784 idem
916 2721 972 2784 111.
1001 2719 1098 2785 Phoc.
1128 2739 1155 2786 c.
1185 2719 1220 2783 9:
1251 2717 1330 2782 δέκα

204 2821 269 2885 τῶν
290 2821 436 2885 πολιτῶν
458 2817 669 2898 ἐξαιτοῦντος
690 2819 908 2905 Ἀλεξάνδρου
920 2821 958 2885 11.
971 2822 1063 2887 Diod.
1077 2821 1138 2888 Sic.
1153 2819 1256 2887 XVII.
1272 2819 1330 2883 15:

204 2918 282 2997 τοίς
305 2923 548 3002 ἑξαιτήσοντας
571 2921 635 2988 τῶν
656 2921 806 3011 ῥητόρων
828 2925 908 2989 δέκα
931 2923 1007 3000 τούς
1019 2922 1093 2988 κατ’
1107 2924 1210 2988 αὐτοῦ
1222 2945 1330 2987 πεπο-

203 3022 417 3108 λιτευμένους
439 3031 499 3090 111.
524 3025 639 3092 Suidas
663 3050 686 3092 s.
710 3049 738 3091 1.
760 3024 988 3113 Ἀντίπατρος·
1008 3067 1042 3075 --
1056 3023 1129 3114 ᾔτει
1153 3023 1230 3100 τούς
1253 3025 1330 3088 δέκα

201 3121 361 3211 ῥήτορας.
390 3123 447 3202 cilo
482 3123 641 3204 ἐξέδοσαν
663 3127 851 3208 Ἀθηναῖοι,
882 3130 1108 3213 Δημοσθένην
1142 3123 1331 3213 Ὑπερείδην

200 3229 402 3313 Λυκοῦργον
432 3227 652 3295 Πολύευκτον
688 3227 872 3318 Ἐφιάλτην
908 3228 1149 3315 Θρασύβουλον
1183 3227 1329 3313 Χάρητα

202 3328 404 3415 Χαρίδημον
426 3331 588 3416 Διότιμον
609 3334 814 3417 Πατροκλέα
838 3331 1093 3419 [Κάσανδρον];
1117 3334 1173 3398 sed
1194 3331 1330 3397 hosnon

2 3547 5 3580 l

2 3584 14 3621 τ
271 3534 290 3606 ¹)
308 3534 415 3588 Arrian.
440 3536 464 3589 Ῑ.
489 3538 514 3602 7,
540 3541 556 3590 2
580 3555 620 3608 sq.
647 3567 680 3574 -
704 3541 861 3604 τεθνηκέναι
885 3537 1058 3608 Ἀλέξανδρον
1086 3532 1280 3608 ἰσχυριζομένου
1303 3539 1330 3588 ἓν

195 3620 332 3688 Ἰλλυρίοις
356 3624 397 3673 καί
421 3620 474 3693 γάρ
497 3625 540 3674 καὶ
563 3625 643 3682 πολὺς
666 3624 680 3677 ά
706 3622 784 3693 λόγος
806 3625 883 3684 οὗτος
901 3627 942 3676 καί
959 3626 1031 3695 παρὰ
1048 3627 1149 3677 πολλῶν
1167 3627 1269 3693 ἐφοίτα,
1287 3621 1330 3677 ὅτι

198 3729 226 3759 τε
248 3706 345 3777 χρόνον
369 3708 440 3772 duda
464 3709 512 3764 crin
536 3709 624 3776 ὀλίγον
647 3714 688 3763 καί
714 3711 757 3764 ὅτι
781 3710 894 3780 οὐδεμία
917 3711 1024 3781 ἀγγελία
1042 3712 1100 3782 παρ’
1122 3711 1204 3766 αὐτοῦ
1224 3709 1328 3779 ἀφῖκτο.

199 3794 234 3848 cf.
252 3794 358 3849 Aelian.
377 3813 403 3848 1.
428 3796 489 3849 hist.
509 3796 573 3850 XII.
593 3800 635 3854 57.
661 3799 705 3851 Ps.
732 3798 851 3852 Callisth.
871 3797 894 3851 I.
915 3800 957 3866 27,
978 3803 1008 3854 1:
1034 3797 1123 3868 φήμης
1147 3800 1174 3850 δὲ
1192 3801 1330 3866 γενομένης

200 3879 243 3931 ὅτι
260 3886 387 3948 τέθνηκεν
405 3887 431 3934 ἐν
448 3886 484 3950 τῷ
504 3887 605 3952 πολέμῳ
620 3883 787 3954 Ἀλέξανδρος
805 3885 820 3938 o‘
840 3886 963 3952 βασιλιδς
981 3887 1081 3953 λέγεται
1100 3886 1329 3954 ὅτιΔημοσθὲνηθ·

199 3975 363 4037 τραυματίαν
380 3968 438 4020 τινά
460 3970 604 4040 άνθρωπον
623 3969 759 4039 εἰσηγαγιν
777 3975 813 4030 εἰς
831 3971 879 4038 τὴν
896 3975 1040 4041 ἐκκλησίαν,
1060 3977 1104 4025 καί
1119 3994 1177 4026 τινα
1190 3973 1328 4040 Ἀθηναῖον

201 4055 337 4124 ἑωρακέναι
355 4057 440 4110 αὐτὸν
459 4059 566 4125 λίγοντα
585 4065 701 4127 κείμενον
715 4058 890 4131 Ἀλέξανδρον.
