3190 5002
645 340 854 404 ,¹59-

391 514 476 574 auct.
505 509 567 574 lox.
596 509 679 575 rhet.
703 510 903 593 Cantabr.:¹)
938 509 959 590 ἢ
987 509 1047 576 ἐάν
1077 534 1128 586 τις
1157 509 1207 589 εἰς
1237 512 1312 592 τούς

341 611 522 697 πολεμίους
558 612 744 699 α’φικνῆται
780 611 858 680 ἄνευ
888 615 948 680 τοῦ
976 615 1182 704 πεμφθῆναι
1219 616 1310 702 ιταρά

341 718 402 780 τοῦ
424 714 533 800 δήμου
555 709 579 796 ή
598 715 707 804 ἐνοικῇ
726 717 803 804 παρ’
823 713 938 794 αὐτοῖς
954 713 976 794 d
994 715 1217 803 στρατεύηται
1238 719 1312 803 μετ’

341 818 449 885 αὐτῶν
480 821 568 905 δῶρα
604 819 791 908 λαμβάνων·
825 821 1050 904 συνομολογεῑ
1078 824 1113 888 δὲ
1143 823 1214 897 τοῖς
1244 821 1312 886 ὑπὸ

343 919 561 1008 Θεοφράστου
593 928 647 1002 [so.
678 921 883 1007 λεγομένοις)
915 918 936 1001 ή
966 923 1027 987 τοῦ
1053 923 1312 1007 Θεμιστοκλέους

341 1022 547 1110 εἰσαγγελία,
571 1020 612 1105 ἣν
634 1022 818 1110 εἰσήγγειλε
845 1023 932 1090 κατά
950 1024 1313 1116 ΚρατερὸνΛεωβότης

341 1123 566 1213 Ἀλκμαίωνος
584 1126 802 1215 Ἀγρυλῆθεν.

257 1303 278 1370 ²)
297 1301 356 1356 cod.
382 1300 530 1355 Galeanus=
556 1299 574 1366 ἢ
599 1299 643 1352 utu
666 1319 706 1356 τις
731 1302 767 1358 εἰς
791 1299 853 1360 τούς
876 1301 1006 1369 πολέμους
1030 1300 1179 1369 ἀφικνεῖται
1196 1302 1213 1369 ή
1231 1312 1313 1371 νικυίη

188 1387 247 1458 παρ’
267 1387 358 1447 αὖτυῖς
374 1387 391 1451 ἢ
410 1384 583 1456 στρατεύηται
606 1387 662 1457 μετ’
687 1387 787 1458 αὐτῶν,
805 1387 822 1454 ἢ
841 1389 913 1458 δῶρα
937 1384 1069 1458 λαμβάνῃ·
1098 1391 1268 1461 συνσμυλσγεῖ
1286 1394 1314 1444 δὲ

188 1482 244 1536 τοῖς
267 1475 316 1531 dud
339 1473 522 1545 Θεοφράστου,
548 1477 597 1526 εἴτε
619 1477 796 1544 Θεμιστοκλέα
815 1455 938 1543 εἰσαγγέλ
961 1474 978 1541 ἢ
1008 1475 1150 1545 εἰσήγγειλε
1175 1479 1315 1549 Κρατερὸς

189 1563 333 1633 Λεσβάτης
347 1563 520 1632 Ἀλκμαίωνος
532 1561 723 1633 Ἀγραυλῆθεν.
743 1564 802 1615 ἄνευ
825 1565 875 1618 τοῦ
890 1566 1049 1633 πεμφθῆναι
1068 1564 1143 1634 παρὰ
1159 1566 1206 1619 τοῦ
1227 1562 1313 1635 δήμου

189 1670 204 1705 e
227 1649 343 1704 Pollucis
365 1649 439 1704 libris
462 1649 558 1721 adjecit
581 1651 712 1718 Meierus,
739 1669 810 1717 ,cum
832 1657 945 1722 uterque
970 1668 1018 1704 sua
1040 1669 1068 1705 se
1092 1669 1108 1704 a
1131 1651 1314 1724 Theophrasto

188 1742 340 1790 mutuatum
357 1754 414 1790 esse
436 1735 601 1807 profiteatur,
627 1738 694 1792 alter
711 1756 759 1808 per
781 1737 894 1792 alterum
917 1737 1118 1809 grammaticum
1140 1738 1315 1809 redintegrari

188 1823 295 1896 potest’.
331 1823 545 1877 Schneidewinus
569 1823 612 1877 ed.
638 1824 711 1895 Hyp.
738 1829 817 1877 oratt.
842 1841 891 1896 pro
915 1824 985 1877 Eux.
1011 1830 1039 1878 et
1056 1825 1120 1895 Lyo.
1146 1843 1173 1897 p.
1192 1829 1226 1880 42
1250 1825 1315 1879 nihil

189 1909 300 1963 addidit.
325 1909 443 1963 Meierus
465 1927 514 1980 pro
538 1915 620 1976 νικοίη
644 1911 672 1964 in
694 1914 799 1963 textum
821 1909 936 1962 restituit
958 1911 1127 1982 μισθοφορῇ,
1151 1911 1315 1983 probabilius

188 1995 301 2065 conjecit
318 1994 482 2049 Schneidew.
501 1999 597 2070 ἐνοικῇ.
633 1996 679 2049 Ad
704 1998 777 2066 δῶρα
801 1992 923 2064 λαμβάνῃ
942 1995 1046 2050 addidit
1063 1997 1181 2050 Meierus
1200 2015 1215 2050 e
1233 1997 1313 2051 Dem.

189 2079 267 2147 XXI,
293 2084 342 2137 113
366 2083 410 2132 ἐπὶ
433 2085 520 2154 βλαβῇ
545 2086 592 2138 τοῦ
618 2080 715 2151 δήμου,
739 2082 786 2135 sed
810 2080 951 2136 subdititia
969 2088 1009 2135 est
1026 2100 1057 2136 ea
1074 2082 1127 2148 lex,
1148 2101 1162 2137 e
1181 2100 1234 2153 qua
1250 2082 1316 2136 haee

189 2168 271 2221 verbe
294 2166 397 2238 petivit.
440 2170 521 2224 Dem.
546 2170 624 2236 XIX,
650 2171 665 2226 7
690 2173 881 2222 commemorat
911 2167 969 2237 lege
994 2175 1101 2223 cautum
1124 2167 1203 2223 fuisse
1227 2167 1316 2227 ἅπλῶς

188 2254 319 2322 μηδαμῶς
344 2255 416 2324 δῶρα
440 2255 594 2326 λαμβάνειν,
619 2275 653 2310 ne
677 2254 735 2326 quis
759 2253 868 2306 omnino
893 2254 964 2308 dona
981 2254 1121 2325 acciperet,
1149 2255 1197 2310 sed
1214 2255 1265 2309 hoe
1282 2256 1317 2310 ad

190 2346 308 2394 oratores
332 2345 437 2395 tautum
465 2344 622 2414 pertinuisse
646 2341 751 2396 videtur
775 2340 808 2394 cf.
834 2340 930 2394 Meier.
956 2347 983 2394 et
1001 2340 1123 2396 Schoem.
1144 2341 1178 2394 de
1196 2340 1236 2394 lit.
1254 2341 1315 2395 Att.

188 2444 215 2497 p.
236 2430 303 2492 3523
325 2430 473 2494 εἰσαγγελία
492 2430 624 2483 donorum
642 2432 810 2498 acceptorum
829 2443 908 2479 eausa
924 2427 968 2480 vix
987 2426 1063 2480 aliter
1081 2426 1183 2490 institui
1200 2433 1315 2497 poterat,

189 2513 239 2565 nisi
256 2513 333 2566 eain
350 2515 493 2584 perniciem
510 2514 671 2586 reipublicae
694 2518 802 2581 accepta
819 2529 875 2565 esse
898 2512 1060 2577 viderentur,
1085 2512 1123 2565 ita
1139 2519 1170 2565 ut
1188 2513 1317 2584 quispiam

189 2604 245 2652 tate
257 2598 383 2653 delictum
399 2600 585 2665 committeret,
605 2597 693 2670 qualia
706 2597 786 2650 modo
796 2604 1002 2651 commemorata
1012 2605 1083 2650 sunt.
1102 2597 1134 2650 In
1144 2598 1317 2652 emendandis

190 2684 278 2738 verbis
304 2688 353 2736 εἴτε
375 2688 553 2756 Θεμιστοκλέα
583 2670 707 2752 εἰσαγγέί
732 2685 749 2748 ή
773 2683 914 2750 εἰσήγγειλε
940 2683 1084 2752 Κρατερός
1104 2683 1247 2752 Λεσβάτης
1265 2691 1316 2738 ete.

190 2770 263 2823 varia
291 2771 445 2843 adjumenta
469 2774 503 2827 ab
528 2779 584 2827 arte
614 2771 751 2827 divinandi
780 2769 933 2842 petiverunt
956 2768 1004 2825 viri
1029 2769 1115 2835 doeth
1148 2769 1266 2824 Meierus
1289 2769 1317 2824 in

190 2855 295 2909 Erscbii
320 2863 347 2912 et
370 2858 486 2913 Gruberi
516 2858 616 2929 encycl.
640 2875 668 2929 p.
695 2859 744 2912 184
764 2875 786 2910 a.
810 2873 836 2911 a.
862 2857 1044 2911 ostracismus=
1072 2854 1117 2909 ὅτι
1141 2857 1318 2925 θεμιστσκλὲα
1399 2881 1401 2886 -

190 2940 333 3010 εἰσήγγειλε
352 2944 418 2996 κατὰ
433 2944 573 3015 Κρατερὸν
584 2941 732 3012 Λεωβάτας
744 2942 834 3011 Ἀλκμ.
851 2942 1034 3011 Ἀγραυλῆθεν
1045 2942 1148 2997 ratione
1160 2960 1215 2995 non
1225 2941 1319 2996 habita

189 3028 319 3084 traditum
337 3048 393 3085 esse
411 3019 535 3100 εἰσαγγέί
553 3030 569 3095 ή
587 3029 739 3097 εἰσήγγειλε.
777 3028 941 3083 Schneidew.
960 3027 979 3082 l.
998 3028 1017 3082 l.
1043 3027 1058 3093 ἦ
1084 3031 1120 3086 εἰς
1141 3029 1318 3097 Θεμιστοκλέα

192 3117 351 3184 εἰσαγγελία,
371 3116 403 3182 ἣν
417 3117 559 3186 εἰσήγγειλε
571 3114 715 3185 Λεωβάτης
729 3116 816 3184 Ἀλκμ.
832 3114 1005 3186 Ἀγρυλῆθεν.
1024 3113 1079 3168 Sed
1085 3114 1200 3185 primum
1210 3113 1318 3184 quidem

190 3202 288 3268 neseio,
315 3220 367 3273 quo
386 3205 447 3276 jure
476 3204 595 3258 omiserit
623 3203 688 3255 κατὰ
713 3200 862 3273 Κρατερόν,
895 3201 968 3272 quod
991 3199 1123 3255 subtiliter
1151 3199 1319 3270 investigavit

190 3287 323 3354 Meierus;
349 3290 383 3344 de
401 3290 504 3345 Crateri
529 3293 665 3362 συναγωγῖ1
683 3289 864 3359 ψηφισμάτων
881 3287 915 3341 oi.
939 3286 1069 3341 Meinekii
1093 3285 1214 3357 epimetr.
1233 3285 1257 3338 Ι.
1283 3284 1318 3340 ad

190 3371 399 3444 Aristophanem
416 3376 583 3448 Byzantium.
608 3375 751 3431 Niebuhrli
773 3375 863 3446 script.
889 3372 954 3426 min.
978 3390 1006 3442 p.
1027 3375 1085 3427 225.
1110 3371 1228 3441 Krtigeri
1245 3371 1316 3425 stud.

192 3457 285 3512 histor.
304 3459 397 3530 philol.
416 3479 444 3532 p.
465 3466 539 3527 118.;
559 3462 656 3517 deinde
673 3479 728 3516 non
745 3466 835 3532 potest
851 3459 902 3514 dici
913 3460 1062 3526 εἰσαγγελία
1075 3460 1111 3516 εἰς
1125 3459 1316 3525 Θεμιστοκλέος

192 3542 289 3597 dicitur
307 3548 480 3614 εἰσαγγέλλειν
500 3551 535 3606 εἰς
552 3548 661 3617 βουλήν,
685 3550 722 3606 εἰς
740 3548 856 3616 ἄρχοντα
882 3545 927 3617 (cf.
946 3545 1051 3598 Isaeum
1068 3543 1106 3609 H,
1125 3543 1180 3614 62),
1199 3541 1318 3597 similiter

192 3628 407 3700 άαογράφεσθαι
425 3636 461 3692 εἰς
478 3633 575 3701 βουλήν
594 3635 638 3706 (ol.
658 3635 764 3688 Isaeum
781 3633 829 3698 IV,
839 3637 892 3700 28),
911 3628 1219 3700 dewadwlfflQtwv
1233 3627 1319 3696 Πάγον

194 3715 237 3779 (cf.
256 3716 353 3772 Aesch.
371 3720 424 3785 ΙΠ,
444 3725 486 3784 fill
507 3727 569 3788 eto,
588 3739 675 3792 neque
693 3727 783 3774 tamen
802 3720 974 3786 εἰσαγγέλλειν
992 3735 1014 3771 s.
1034 3717 1182 3783 εἰσαγγελία
1208 3719 1242 3775 εἰς
1259 3735 1318 3767 τινα

192 3809 223 3856 ut
240 3802 400 3873 significetur
417 3805 447 3872 is,
468 3807 513 3877 qui
531 3806 649 3862 defertur
666 3825 714 3879 per
733 3809 905 3875 εἰσαγγελίαν.
925 3804 958 3859 el.
970 3804 1035 3858 Din.
1052 3801 1113 3857 XV.
1127 3801 1191 3854 κατά
1207 3806 1318 3855 Πιστίου

194 3891 343 3956 εἰσαγγελία
360 3891 431 3946 Bait.
451 3898 478 3946 et
495 3892 596 3964 Saupp.
615 3893 649 3948 Ο.
668 3893 704 3948 A.
723 3893 752 3948 11
769 3911 797 3966 p.
810 3895 870 3950 331.
889 3891 958 3946 Mihi
966 3889 1136 3946 scribendum
1146 3907 1202 3946 esse
1214 3889 1319 3945 videtur

193 3975 273 4041 ήτσῦ
296 3979 500 4046 Θεμιστοκλέους
524 3982 683 4048 εἰσαγγελία,
709 3978 740 4044 ήν
764 3977 906 4048 εἰσήγγειλε
930 3977 996 4030 κατὰ
1014 3976 1157 4046 Κρατεράν
1175 3972 1318 4045 Λεωβάτης

186 4060 362 4134 Ἀλκμαίωνος
374 4064 546 4138 Ἀγρυλὶθεν.
681 4074 685 4081 “
