3190 5002
639 355 764 432 „¹57
808 322 850 404 -’

184 524 306 590 Tamen
327 547 393 592 non
415 525 549 592 dedecet
570 525 655 592 hanc
684 526 821 592 formam
844 526 961 610 judicii
989 525 1194 610 instituendi,
1224 545 1307 610 quae

183 629 318 714 propria
341 635 411 694 erat
430 629 573 694 criminis
596 629 794 714 προδοσίας,
816 630 936 696 diserte
956 631 1213 712 commemorari,
1236 635 1307 694 tan-

183 732 328 798 tumdem
349 733 436 796 valet
460 733 546 796 acsi
570 732 705 799 dixisset
733 729 973 817 εἰσαγγελθείς
995 735 1015 796 i.
1038 753 1065 796 e.
1089 732 1307 814 simulatque

186 831 379 918 εἰσαγγελία
401 835 435 898 in
459 857 531 898 enm
553 835 707 898 instituta
730 842 816 899 crat:
839 836 887 899 ita
909 840 1049 918 snpra§.
1064 836 1112 898 79.
1138 833 1200 898 Sed
1220 835 1307 919 quod

184 937 355 1019 subjicitur
371 935 530 1002 θανάτου
554 937 857 1022 καταγνωσθέντος
878 935 982 1003 αὐτοῦ
997 943 1245 1022 praeposterum
1258 942 1308 1002 est

184 1044 319 1124 propter
347 1041 527 1122 sequentia,
559 1042 652 1122 quasi
676 1040 836 1123 judicium
862 1062 927 1104 non
957 1045 1188 1124 exspectasset,
1219 1044 1306 1124 post·

187 1163 284 1225 quam
317 1142 432 1206 mortis
466 1142 639 1206 damnatus
677 1147 771 1207 esset.
823 1142 908 1206 Hinc
939 1143 1086 1227 suspicor
1118 1142 1177 1206 illa
1209 1141 1308 1206 verba

185 1244 365 1309 omittenda
387 1265 466 1327 esse,
490 1268 588 1327 quum
609 1244 803 1329 praesertim
826 1245 932 1326 §.172
954 1250 1111 1328 tanquam
1127 1245 1220 1308 nulla
1231 1249 1308 1308 ante

184 1347 253 1429 ejus
283 1347 330 1410 rei
358 1345 445 1410 facta
471 1347 639 1411 mentione
665 1347 791 1416 dicatur
822 1345 982 1411 θάνατον
1010 1347 1076 1434 γάρ
1107 1346 1214 1411 αὐτοῦ
1245 1343 1309 1410 τῶν

186 1446 358 1534 προγόνων
378 1447 588 1534 κατέγνωτε’.
612 1488 653 1498 -—

270 1551 317 1615 De
339 1551 443 1615 multa
465 1551 659 1634 proditionis
682 1551 720 1615 of.
744 1552 833 1616 Dem.
856 1551 927 1633 XX,
952 1553 1007 1615 79:
1030 1548 1112 1635 μίαν
1133 1556 1193 1635 μὲν
1210 1547 1308 1615 πόλιν

185 1648 217 1719 εἰ
238 1651 409 1718 άπώλεσεν
431 1645 454 1728 ἢ
475 1654 554 1728 ναῦς
576 1653 658 1716 δέκα
681 1653 802 1735 μόνας,
826 1655 903 1736 περὶ
928 1654 1113 1738 προδοσίας
1137 1651 1179 1717 dv
1202 1651 1308 1717 αὐτόν

184 1751 406 1841 εἰσήγγελλον
437 1747 528 1819 οὗτοι
561 1758 617 1818 καὶ
648 1755 680 1819 εἰ
708 1753 806 1835 ἑάλω,
839 1755 897 1820 τόν
926 1752 1048 1819 ἅπαντ’
1072 1752 1115 1820 dv
1137 1753 1310 1818 ἀπωλώλει

183 1856 314 1942 χρόνον.
338 1858 539 1939 Quamquam
556 1854 770 1942 εἰσαγγελίας
785 1860 905 1922 mentio
919 1880 983 1922 non
1006 1858 1094 1921 facta
1116 1864 1175 1940 est,
1199 1864 1308 1921 tamen

185 1963 228 2026 ad
249 1961 353 2044 legem
381 1956 639 2044 εἰσαγγελτικήν
668 1964 815 2042 spectare
846 1959 989 2023 arbitror
1012 1960 1085 2042 Lyn.
1107 1959 1226 2042 XXXI,
1247 1959 1308 2023 26:

184 2061 284 2140 άξιον
307 2063 418 2125 δὲκαὶ
442 2059 518 2126 τόδε
541 2058 799 2143 ἐνθυμηθῆναι,
821 2057 873 2125 ότι
895 2057 923 2125 εἰ
944 2061 1005 2144 μέν
1028 2085 1076 2136 τις
1096 2059 1255 2148 φρούριόν
1276 2084 1310 2126 τι

186 2163 375 2250 προῦδωκεν
398 2157 420 2242 ἢ
442 2167 524 2228 ναῦν
546 2159 567 2242 ἢ
589 2163 824 2248 στρατόπεδόν
847 2185 890 2238 τι,
920 2163 954 2229 ἐν
977 2155 1003 2253 ᾧ
1023 2165 1124 2252 μέρος
1142 2188 1175 2227 τι
1195 2160 1309 2247 ἐντόγ-

185 2291 264 2352 χανε
288 2268 352 2331 τῶν
375 2266 523 2330 πσλιτῶν
545 2258 596 2345 όν,
618 2272 693 2340 ταῖς
716 2263 871 2351 ἐσχάταις
893 2260 938 2332 άν
962 2269 1099 2350 ζημίαις
1122 2265 1310 2348 ἐζημιοῦτο.

270 2369 342 2434 Huc
353 2369 497 2453 pertinet
511 2369 610 2432 etiam
624 2361 792 2432 Leocratis
805 2388 912 2452 causa,
926 2391 1030 2456 quam
1048 2369 1118 2452 jam
1131 2368 1309 2452 attigimus.

185 2471 299 2555 Pugna
321 2470 409 2555 apud
432 2469 654 2533 Chaeroneam
675 2469 846 2535 commissa
867 2471 1013 2536 Athenas
1036 2471 1215 2552 reliquerat
1229 2470 1310 2535 Leo-

186 2578 292 2639 crates
315 2579 348 2638 et
376 2571 528 2637 Rhodum
557 2593 591 2636 se
621 2572 822 2653 contulerat3
850 2573 926 2637 inde
948 2573 1114 2656 Megaram
1143 2573 1308 2656 profectus

183 2659 433 2742 frumentariam
456 2674 711 2758 negotiationem
733 2680 923 2740 exercuerat
946 2680 978 2738 et
1000 2675 1033 2738 in
1054 2675 1255 2739 Thessaliam
1277 2679 1311 2740 et

187 2777 382 2843 Corinthum
414 2777 613 2843 frumentum
635 2763 869 2842 venditaverat.
914 2775 977 2840 Sex
999 2777 1093 2842 annis
1116 2778 1309 2842 intermissis

186 2902 260 2947 eum
287 2879 435 2944 Athenas
464 2901 628 2944 reversum
655 2881 849 2962 proditionis
872 2881 1036 2944 accusavit
1058 2879 1308 2962 Lycurgusper

185 2977 424 3068 εἰσαγγελίαν;
460 3003 538 3046 sane
566 2987 718 3047 neutrum
746 2982 916 3047 criminum
937 3002 957 3045 a
979 2981 1135 3046 Leocrate
1164 2982 1310 3046 commis-

169 3106 295 3154 νόνναι
316 3105 375 3168 per
397 3105 431 3148 se
453 3085 559 3169 ipsum
581 3083 749 3171 apoduein
771 3083 932 3169 appellari
955 3083 1074 3167 potuit,
1103 3089 1214 3149 tamen
1237 3104 1310 3148 eum

187 3187 380 3271 proditionis
404 3188 576 3270 accusavit,
600 3187 687 3270 quod
709 3189 850 3271 patriam
871 3187 910 3264 in,
929 3188 1061 3252 summis
1074 3186 1227 3270 periculis
1241 3207 1308 3251 ver·
1400 3191 1403 3196 ’

187 3295 314 3354 sentem
343 3287 547 3354 deseruisset.
577 3289 617 3354 cf.
648 3288 762 3354 Aesch.
784 3289 842 3372 HI,
865 3289 943 3354 252:
976 3284 1091 3374 ἕτερος
1120 3286 1156 3357 δ’
1178 3283 1310 3366 ἰδιώτης

188 3388 367 3464 ἐκπλεύσας
384 3385 432 3465 εἰς
445 3387 568 3476 Ῥόδον,
592 3388 645 3456 ὅτι
662 3389 724 3456 τόν
734 3389 843 3479 φόβον
858 3389 1033 3477 ἀνάνδρως
1048 3389 1180 3474 ἤνεγκε,
1193 3387 1309 3478 πρῴην

188 3497 273 3559 ποτὲ
296 3490 504 3577 εἰσηγγέλθη
535 3499 595 3558 etc.
619 3493 719 3559 schol.
742 3492 784 3558 ad
807 3495 827 3558 l.
851 3495 886 3558 l.:
917 3493 977 3558 τόν
997 3487 1207 3578 Λεωκράτην
1228 3499 1310 3576 νοεῖ,

172 3585 228 3662 ὀὗ
251 3591 463 3680 κατηγόρησε
491 3596 699 3683 Λυκοῦργος.
742 3595 896 3661 Fortasse
925 3596 1024 3661 etiam
1046 3594 1224 3678 Autolycus
1251 3617 1311 3678 per

127 3707 135 3726 ⁴
189 3693 404 3782 εἰσαγγελίαν
431 3697 625 3780 proditionis
648 3704 819 3764 accusatus
841 3705 901 3781 est,
931 3720 1003 3762 cum
1026 3698 1192 3762 decretum
1214 3703 1310 3781 esset,

188 3805 226 3864 ut
247 3800 281 3881 ii,
304 3799 361 3880 qui
382 3799 524 3882 patriam
547 3800 744 3884 desererent,
766 3800 959 3886 proditionis
981 3805 1173 3865 tenerentur
1183 3799 1223 3866 cf.
1234 3800 1310 3884 Lyc.

187 3904 222 3966 in
244 3901 355 3964 Leccr
385 3900 443 3964 53:
474 3897 522 3965 ἔτι
546 3905 581 3969 δὲ
603 3901 621 3968 ὁ
645 3905 752 3986 δῆμος
773 3942 816 3952 -
837 3899 1033 3989 ἐψηφίσατο
1062 3900 1198 3986 ἐνόχους
1220 3890 1310 3967 εἶναι

190 4005 229 4094 τῇ
249 4003 419 4089 προδοσία
444 4003 521 4080 τούς
533 4003 723 4092 φεύγοντας
741 4006 800 4071 τόν
814 4003 897 4092 ὑπὲρ
914 4000 1144 4092 τῆςπατρίδος
1157 4002 1310 4070 κίνδννον
1389 4078 1392 4083 ,
