3190 5002
656 391 868 458 ..27-

205 547 337 641 κοσίους
353 562 573 648 καταβαίνειν
589 567 635 641 είς
646 559 794 648 Πειραιᾶ
810 561 1058 647 χρηματιοῦσαν
1076 559 1153 647 περὶ
1170 561 1326 650 φυλακῆς

204 671 264 733 τοῦ
284 668 464 754 Πειραιέως
491 669 525 732 ἐν
556 677 626 743 τοῖς
655 663 771 741 ὅπλοις
794 661 890 739 ἔδοξε
915 667 974 730 καὶ
992 666 1155 751 πράττειν
1176 665 1325 730 ὃιεσκευ-
1413 719 1419 726 ,

203 772 349 856 ασμὲνηυ
379 766 453 836 ὅτι
479 766 523 835 ἂν
553 772 638 858 δοκῇ
668 771 713 859 τῷ
743 767 842 858 δήμῳ
872 768 1044 856 συμφέρον
1071 756 1158 833 εἶναι
1182 769 1270 852 (Lyc.
1291 769 1325 833 in

201 875 313 940 Leocr.
335 873 392 961 37)
414 869 498 959 ἡνίχ’
520 869 604 956 ὁρᾶν
625 857 668 951 ἦν
690 871 749 936 τόν
770 867 1143 958 ὃῆμονψηφιοοίμενον
1165 870 1245 946 τούς
1266 875 1327 954 μὲν

203 973 346 1051 δούλους
391 975 611 1061 ἐλευθέρους,
650 971 730 1049 τούς
766 975 802 1038 δὲ
837 971 950 1052 ξένους
993 971 1213 1054 Ἀθηναίους,
1247 972 1327 1050 τοὺς

203 1077 237 1144 δ’
263 1075 400 1164 ἀτίμους
423 1077 590 1161 ἐπιτίμους
607 1077 825 1160 (ejusdcmor.
838 1082 866 1157 ς.
879 1078 919 1139 41
940 1075 979 1142 cf.
1008 1075 1120 1157 [Dem]
1145 1074 1263 1160 XXVI,
1277 1076 1326 1140 11.

203 1181 374 1265 Syriarum
404 1179 446 1244 ad
467 1179 619 1264 Hermog.
643 1180 692 1245 W.
714 1179 769 1244 IX.
793 1180 863 1244 707.
886 1179 981 1243 Dion.
1004 1177 1169 1262 Chrysost.
1190 1178 1260 1244 XV.
1285 1180 1325 1244 21

203 1308 234 1370 p.
257 1283 320 1348 542
342 1282 379 1346 R.
402 1282 634 1365 condicionem,
667 1303 732 1366 qua
753 1281 815 1346 hoc
837 1281 1022 1347 faciendum
1052 1301 1121 1346 esse
1144 1280 1326 1366 proposuit,

204 1385 300 1450 affert
329 1388 356 1448 st
385 1382 518 1466 προῦβη
549 1382 567 1451 ὁ
596 1381 742 1468 πόλεμος
770 1391 843 1465 etc.)
866 1422 909 1431 —
931 1385 1057 1460 παῖδας
1087 1385 1145 1447 καί
1167 1391 1327 1469 γυναῖκας

205 1488 263 1551 καί
293 1483 336 1550 τοί
362 1479 522 1572 χρήματα
551 1483 593 1551 τοί
616 1509 650 1550 τε
674 1485 748 1573 ἱεροί
777 1489 836 1551 καὶ
863 1486 906 1551 τοί
929 1481 1007 1551 ὅσια
1028 1482 1078 1561 τίς·
1098 1484 1158 1551 τὸν
1179 1483 1327 1570 Πειραιᾶ

205 1589 413 1654 α’ποθέσθαι
445 1587 508 1668 (Ps.
537 1587 622 1653 Plut.
651 1590 713 1652 848
740 1588 775 1652 F.
804 1589 888 1672 Hyp.
916 1588 1031 1672 fragm.
1061 1589 1126 1668 36.)
1153 1587 1328 1652 Praeterea

203 1690 244 1756 ab
265 1692 379 1757 incolis
401 1690 504 1754 Andri
528 1690 583 1756 Oei
606 1691 780 1756 Troezenis
801 1691 961 1774 Epidauri
983 1691 1140 1756 auxilium
1161 1690 1328 1773 petierunt

202 1793 418 1859 Athenienses
436 1792 562 1874 cf.Lyc.
583 1795 617 1858 in
639 1793 751 1857 Leoor.
773 1793 825 1858 42.
846 1793 920 1857 Din.
942 1793 967 1877 I,
990 1795 1032 1858 80
1053 1812 1159 1875 neque
1177 1791 1329 1878 displicet

202 1893 402 1961 Boehneckii
425 1893 613 1977 conjectura
635 1893 925 1978 (quaestdttlp.
940 1897 1027 1977 664),
1050 1900 1120 1960 tum
1130 1893 1328 1979 Hyperidem

204 1995 1328 2082 Cythnuminsulamadisseibiquedeucaadnoraticnemperorasse.

204 2100 312 2165 Tanta
324 2098 493 2182 fortitudo,
515 2104 629 2164 tantus
641 2101 768 2182 patriae
782 2120 872 2165 amor
893 2101 1141 2165 admirationem
1164 2103 1197 2165 et
1206 2103 1329 2164 metum

205 2203 379 2268 concitavit
389 2200 534 2284 Philippi
545 2203 695 2286 victoris3
718 2205 831 2286 itaque
845 2204 1000 2288 prudenti
1012 2224 1090 2268 usus
1105 2201 1330 2267 moderatione

204 2304 294 2370 lenes
318 2303 462 2387 Graecis,
491 2306 635 2388 exceptis
666 2305 869 2389 Thebanis,1)
899 2307 1071 2389 proposuit
1100 2304 1190 2390 pacis
1219 2301 1329 2368 condi·

204 2408 325 2491 ciones,
355 2428 397 2471 ne
419 2405 619 2470 Graecorum
648 2408 774 2472 animes
802 2429 938 2491 prorsus
961 2429 981 2471 a
1003 2428 1037 2472 se
1067 2407 1270 2472 abalienaret
1292 2425 1330 2470 ac

203 2511 409 2597 potissimum
419 2528 460 2571 ne
471 2506 688 2573 Athenienses
701 2509 743 2572 ad
753 2530 912 2574 summam
921 2509 1182 2594 desperationem
1196 2506 1330 2573 adducti

203 2615 237 2677 in
267 2612 354 2677 bello
384 2616 641 2693 perseverarent.
691 2610 889 2695 Hyperidem
919 2617 1056 2696 propter
1085 2610 1330 2676 celeberrimum

205 2715 267 2780 hoe
295 2712 486 2800 psephisma
514 2710 724 2797 παρανόμων
755 2712 920 2777 accusavit
941 2712 1157 2797 Aristogiton,
1185 2712 1330 2778 nefarius

203 2819 266 2882 iste
296 2816 508 2900 sycophanta,
543 2814 600 2880 sed
630 2815 764 2880 inferior
793 2815 966 2898 desoessit3
998 2815 1165 2881 confessus
1195 2821 1245 2880 est
1265 2814 1330 2900 Hy-

205 2918 333 3003 perides
341 2917 429 3001 leges
441 2918 631 3000 saviolaase,
643 2916 701 2982 sed
712 2918 953 2983 excusationem
965 2919 1105 3001 sumpsit
1119 2938 1136 2982 e
1148 2917 1332 3002 periculosa

206 3018 404 3105 reipublicae
433 3019 639 3103 condicione,
667 3041 732 3103 qua
759 3041 826 3084 non
856 3018 935 3102 quid
957 3040 1016 3104 per
1036 3020 1125 3104 leges
1146 3020 1261 3085 liceret
1281 3040 1330 3084 re-

206 3122 358 3206 spexerit,
382 3122 439 3187 sed
455 3122 542 3186 unde
561 3123 719 3187 auxilium
737 3128 770 3186 et
791 3121 879 3186 salus
890 3122 1032 3204 veniret3
1053 3121 1206 3187 tenebras
1228 3122 1331 3187 oculis

205 3226 272 3290 suis
287 3223 441 3290 offudisse
453 3245 544 3289 arma
557 3224 771 3290 Macedonum
783 3230 816 3290 et
831 3229 998 3310 acceptam
1010 3224 1098 3308 apud
1109 3223 1331 3290 Chaeroneam

205 3327 331 3392 cladem
352 3326 438 3391 hanc
459 3328 660 3409 rbgationem
683 3327 860 3411 scripsisse,
883 3327 1004 3392 dixisse
1026 3327 1132 3392 fertur
1154 3325 1193 3391 cf.
1215 3324 1330 3410 fragm.

205 3429 256 3494 30.
269 3429 320 3493 31.
343 3426 427 3493 Pace
442 3429 569 3494 lenibus
581 3428 825 3494 condicionibus
838 3431 1018 3515 composita
1030 3451 1142 3495 eorum
1153 3428 1331 3514 plurimum

205 3531 308 3596 valuit
330 3531 519 3614 auctoritas,
549 3533 605 3614 qui
627 3537 738 3614 partes
768 3536 983 3615 sequerentur
1004 3530 1149 3617 Philippi
1171 3552 1209 3596 ac
1230 3531 1331 3614 potis-

205 3635 322 3699 simum
337 3633 491 3698 Demadis
509 3627 586 3719 ἄρτι
609 3632 835 3713 πεποιηκότος
856 3632 920 3712 την
941 3631 1080 3720 εἰρήνην
1098 3633 1201 3714 (Dem.
1211 3632 1330 3717 XVIII,

205 3737 300 3819 285);
331 3735 436 3820 quid?
465 3734 553 3820 quod
574 3756 673 3801 ausus
694 3743 744 3802 est
765 3739 792 3802 is
815 3757 941 3820 rogare,
970 3742 1008 3801 ut
1028 3735 1257 3821 Euthycrates,
1280 3738 1332 3802 cui

205 3845 341 3924 prepter
364 3837 545 3922 Olynthum
572 3839 737 3920 proditam
766 3840 901 3904 infamia
926 3839 1021 3904 illata
1050 3844 1131 3923 erat,
1160 3837 1331 3922 ἐπιτιμίας

276 4064 295 4132 ¹)
314 4060 412 4117 Justin.
431 4059 481 4115 IX.
501 4065 526 4115 4.
562 4058 645 4118 Diod.
664 4059 716 4114 Sic.
735 4060 810 4116 XVI.
829 4062 871 4118 st.
