3190 5002
665 379 877 445 -61-

209 557 367 636 tanquam
403 550 528 636 legatos
558 550 670 617 abiise.
721 551 784 617 Per
810 547 1025 638 εἰσαγγελίαν
1061 551 1193 620 nomina
1220 573 1332 619 eorum

209 655 321 720 delata
349 659 441 737 sunt3
473 660 582 720 exstat
611 659 718 720 totum
747 655 913 720 decretum
943 660 1085 739 senatus,
1114 678 1179 739 quo
1208 656 1331 740 judicio

208 758 325 822 traditi
335 763 421 840 sunt,
431 778 450 822 a
459 756 599 823 anoilio
614 763 777 822 servatum
791 779 843 840 ap.
857 757 907 822 Ps.
918 756 1003 822 Plut.
1020 758 1041 822 l.
1053 758 1091 821 l.:
1106 753 1332 844 ,Ἀρχεπτολὲ·

207 883 276 944 μου
292 860 351 922 καὶ
364 856 581 947 Ἀντιφῶντος
598 861 671 930 τοῑν
683 855 883 945 προδόταιν’.
906 859 1061 924 Defendit
1076 882 1146 924 sese
1162 859 1331 946 Antiphon

209 963 357 1027 oratione
387 961 463 1047 περὶ
494 961 731 1046 μεταστάσεως
762 963 937 1046 inscripta,
970 983 1066 1045 quam
1096 961 1232 1027 eandem
1261 984 1331 1028 esse

208 1070 308 1147 atque
321 1064 503 1130 orationem
518 1065 594 1150 περὶ
608 1067 665 1142 τῆς
678 1063 907 1148 εἰσαγγελίας,
922 1059 963 1129 δν
982 1056 1115 1150 (λόγον)
1130 1061 1211 1149 ὑπὲρ
1227 1053 1332 1130 αὑτοῦ

209 1166 359 1253 γέγραφε
382 1165 448 1252 (Ps.
470 1165 556 1231 Plut.
579 1190 609 1250 p.
634 1166 695 1231 833
714 1165 756 1244 D)
779 1164 994 1250 probabiliter
1016 1171 1149 1232 censent
1168 1165 1330 1252 Sauppius

207 1273 241 1334 et
262 1267 410 1334 Blassius
432 1268 508 1333 hist.
532 1269 638 1350 eloqu.
661 1290 707 1352 gr.
730 1291 767 1354 p..
784 1269 836 1351 92,
859 1269 888 1332 3.
1365 1285 1367 1290 ·

300 1371 356 1436 ΠΙ.
401 1367 423 1449 ἢ
451 1369 562 1459 ῥητωρ
593 1366 636 1435 ὢν
667 1369 716 1450 μη
747 1371 828 1460 λέγη
858 1368 901 1433 τοὶ
929 1366 1053 1457 άριοτα
1082 1370 1124 1454 τά
1156 1368 1251 1461 δήμῳ
1282 1376 1330 1456 τῷ

363 1471 555 1550 Ἀθηναίων
574 1470 733 1558 χρήματα
757 1473 951 1556 λαμβάνων.

409 1575 491 1640 Poll.
520 1575 542 1640 l.
574 1576 595 1640 1.
631 1571 652 1654 ἢ
678 1573 829 1662 ῥητόρων
854 1574 900 1659 μή
932 1573 974 1640 τά
1004 1573 1129 1662 άριστοι
1157 1579 1204 1662 τᾷ
1234 1574 1328 1666 δήμῳ

367 1675 540 1760 λεγόντων.

411 1786 496 1845 auct.
526 1781 588 1844 lex,
617 1779 700 1845 rhet.
730 1778 822 1844 Cant.
857 1775 880 1857 ἢ
907 1769 1019 1869 ῥητωρ
1048 1781 1096 1865 μη
1127 1781 1172 1845 τά
1202 1779 1328 1868 άριοτα
1409 1779 1410 1782 ’

367 1879 611 1970 συμβουλεύσῃ,
629 1884 787 1967 χρήματα
811 1881 1001 1965 λαμβάνων.

290 1982 390 2049 Errat
400 1983 642 2050 Sohoemannus
659 1984 699 2048 de
714 2004 794 2049 eom.
807 1983 883 2047 Ath.
899 2007 929 2068 p.
947 1985 1018 2068 195,
1042 1988 1099 2069 qui
1112 1987 1209 2054 etiam
1220 1985 1329 2053 Philo·

205 2090 329 2152 cratem
350 2087 435 2151 male
462 2093 574 2171 gestae
596 2086 769 2170 legationis
791 2093 979 2151 accusatum
1008 2109 1079 2153 esse
1100 2088 1141 2154 ab
1163 2089 1329 2174 Hyperide

206 2189 344 2271 statuit3
374 2197 507 2273 reperta
536 2213 595 2275 pro
617 2189 810 2273 Euxenippo
834 2190 981 2254 oratione
1004 2192 1121 2256 seimus
1143 2213 1217 2256 eum
1238 2215 1330 2257 reum

207 2291 330 2357 factum
360 2312 428 2356 esse
451 2290 577 2381 ῥήτορα
597 2288 680 2357 ὄντα
707 2291 753 2372 μη
787 2290 829 2354 τοὶ
862 2288 986 2379 ι’έριοτα
1024 2293 1131 2378 λέγειν
1160 2294 1206 2378 τῷ
1231 2293 1328 2383 δήμῳ

201 2393 361 2479 χρήματα
385 2395 547 2478 λαβόντα.
572 2394 610 2458 cf.
632 2393 716 2477 Hyp.
740 2415 800 2477 pro
822 2393 904 2460 Eux.
927 2416 952 2458 ο.
975 2395 1025 2460 39.
1048 2395 1138 2460 Dem.
1149 2395 1236 2479 XIX,
1251 2399 1328 2461 llo':

205 2493 277 2561 ἴστε
300 2493 409 2576 δήπου
432 2494 557 2581 πρῴην,
583 2491 633 2560 ὅτ’
662 2493 866 2577 εἰσήγγειλεν
886 2492 1072 2580 Ὑπερείδης
1097 2496 1330 2584 Φιλοκράτην,

206 2595 258 2666 ὅτι
279 2596 462 2686 παρελθών
481 2596 543 2682 ἐγώ
566 2603 626 2662 eto.
648 2597 763 2662 Aesoh.
786 2597 843 2680 III,
867 2598 923 2662 79:
953 2591 1007 2661 ὅτι
1031 2597 1249 2685 Φιλοκράτης
1270 2605 1329 2683 μέν

206 2698 275 2766 άπὸ
304 2703 371 2766 τῶν
398 2702 507 2766 αὐτῶν
535 2696 786 2783 πολιτευμάτων
810 2699 1022 2782 Δημοσθένει
1043 2701 1156 2784 φυγάς
1178 2701 1236 2765 ἄπ’
1261 2700 1328 2767 εὶσ-

207 2800 366 2885 αγγελίας
398 2803 577 2886 γεγένηται
613 2802 653 2866 of.
687 2807 716 2883 ξ.
746 2803 796 2866 81.
855 2803 945 2880 Quae
978 2801 1189 2895 Marcellinus
1223 2805 1328 2869 tradit

203 2904 418 2989 Hermogenis
448 2905 625 2970 soholiasta
652 2904 741 2969 rhet·
770 2927 817 2989 gr.
846 2904 992 2969 intel
1020 2904 1076 2969 W:
1112 2905 1328 2994 Φιλοκράτης

204 3004 424 3090 ἐκμισθώσας
446 3006 509 3080 τάς
530 3003 710 3081 Ὀλυνθίας
732 3011 893 3091 γυναῖκας
916 3009 975 3070 καὶ
992 3003 1196 3089 οἷνοιγκάζων
1213 3008 1328 3094 φέρειν

203 3107 310 3193 ἑαυτῷ
339 3107 397 3174 τὸν
423 3108 571 3191 μισθὸν,
602 3106 769 3192 δημοσίων
800 3107 1019 3192 άδικημάτων
1041 3107 1169 3199 φεύγει,
1190 3117 1329 3194 possunt

203 3211 376 3296 desumpta
403 3232 474 3276 esse
503 3234 542 3276 ex
559 3210 729 3293 oratione,
761 3232 867 3294 neque
893 3217 1002 3277 tamen
1033 3234 1050 3279 e
1079 3212 1190 3277 libello
1223 3214 1328 3295 petita

206 3334 276 3378 esse
290 3312 449 3397 arbitror3
461 3314 500 3380 of.
512 3313 603 3378 Dem.
612 3313 699 3395 XIX,
709 3313 786 3378 309:
806 3308 1036 3390 ἔσθ’ὅσιιςάν
1047 3310 1327 3400 τὸνΆτρεστίδαν

202 3412 280 3480 τότε
301 3415 453 3499 μισήσας
482 3414 540 3480 διά
569 3415 648 3490 τούς
676 3417 741 3479 τῶν
770 3413 953 3482 Ὀλυνθίων
975 3420 1100 3491 παῖδας
1122 3419 1181 3480 καὶ
1203 3413 1327 3498 γύναια

202 3516 309 3582 ταύτά
350 3515 557 3602 Φιλοκράτει
593 3520 653 3583 νῑιν
685 3517 849 3601 πράττειν
886 3516 1057 3603 ὑπέμεινεν
1095 3514 1133 3594 dg
1169 3526 1327 3600 γυναῖκας

202 3619 389 3703 ἐλευθέρας
413 3621 476 3683 τῶν
498 3617 678 3684 Ὀλυνθίων
706 3617 812 3701 ἤγαγε
836 3621 922 3705 δέομ’
952 3621 1003 3709 ἐφ’
1025 3617 1122 3704 ὕβρει
1145 3623 1200 3684 καὶ
1223 3612 1327 3695 οὕτως

202 3721 256 3784 ἐπὶ
288 3725 334 3809 τῷ
362 3721 527 3805 βδελυρῶς
554 3723 751 3807 βεβιωκέναι
784 3721 1001 3805 γιγνώσκεται
1032 3715 1114 3786 ὥστε
1144 3726 1249 3804 μηδὲν
1270 3722 1327 3805 ἐμὲ

202 3819 342 3911 αἰσχρδν
371 3819 480 3887 εἰπεῖν
511 3826 583 3888 νυνὶ
615 3825 687 3910 περὶ
717 3823 821 3888 αὐτου
842 3824 912 3887 δεῖν
932 3827 1018 3908 μηδέ
1042 3823 1205 3910 δυσχερές,
1234 3821 1326 3888 άλλά

204 3925 367 3990 τοσοῦτον
389 3922 542 3999 εἰπόντος
562 3923 679 4008 μόνον,
703 3922 754 3992 ὅτι
779 3927 998 4011 Φιλοκράτης
1021 3937 1183 4008 γυναῖκας
1204 3924 1326 4010 ἤγαγε,

202 4025 331 4104 πάντας
353 4024 438 4113 ὑμᾶς
461 4026 591 4094 εἰδέναι.
