3190 5002
650 435 862 499 ..49...

195 605 252 669 καὶ
275 599 377 671 τοῦτο’
405 605 493 671 ἐστιν
521 627 595 672 otor
627 603 664 670 τὸ
687 606 721 671 ἓν
743 615 816 682 ταῖς
839 607 903 674 τῶν
933 613 1103 694 σοφιστῶν
1125 610 1318 697 διατριβαῖς

193 705 435 793 μελετώμενον,
466 706 505 772 ro*
534 710 597 772 τῶν
626 706 793 795 ἀγράφων
822 708 1055 794 ἀδικημάτων.
1098 711 1178 777 Jure
1209 719 1318 778 censet

194 810 339 876 Schoem.
359 811 380 874 l.
395 810 416 874 l.
433 832 464 892 p.
479 811 550 894 184,
573 812 788 877 certissimum
810 834 889 896 esse,
915 811 1077 900 clypeique
1099 812 1318 898 ἀδικημάτων

194 935 322 996 nomen,
346 912 434 994 quod
455 913 543 994 apud
565 914 692 978 nullum
715 915 887 996 antiquum
909 917 1102 1000 scriptorem
1124 919 1318 1000 inveniatur,

194 1016 273 1081 solis
295 1015 464 1079 rhetorum
486 1035 524 1078 ac
545 1014 766 1097 sophistarum
788 1019 926 1101 ingeniis
949 1017 1068 1082 deberi.
1107 1019 1194 1096 Quas
1217 1019 1317 1084 subti—

194 1118 271 1182 liter
293 1111 436 1200 sejunxit
466 1122 580 1182 auctor
607 1117 668 1182 lex.
696 1119 781 1184 rhet.
807 1119 959 1184 Cantabr.
983 1123 1161 1185 sententias
1186 1120 1318 1187 Caecilii

196 1226 229 1285 et
250 1219 479 1303 Theophrasti,
504 1240 557 1284 cas
581 1219 750 1302 conjunmt
773 1227 805 1286 ct
828 1221 975 1286 confudIt
997 1221 1078 1286 Poll.
1101 1222 1189 1306 VIII,
1211 1224 1271 1288 51:
1296 1220 1315 1303 ἡ

196 1321 223 1386 δ’
249 1318 441 1407 εἰσαγγελία
464 1321 623 1387 τέτακται
653 1321 705 1386 ἐπὶ
728 1325 793 1388 τῶν
816 1321 982 1410 ἀγράφων
1004 1322 1171 1406 δημοσίων
1200 1324 1318 1404 ἀδικη-

193 1424 318 1508 μάτων.
349 1423 436 1488 κατά
462 1424 521 1489 τὸν
543 1424 648 1506 νόμον
670 1423 988 1510 εἰσαγγελτικὸν
1013 1424 1225 1511 (ἀμφοτέρως
1246 1432 1318 1514 γάρ

195 1528 373 1612 λέγουσιν),
397 1524 433 1602 ὃς
456 1535 563 1592 κεῖται
668 1531 744 1612 περὶ
768 1521 890 1594 ἀκούει
914 1525 981 1592 εἰσὶ
1004 1527 1111 1612 νόμοι,
1134 1527 1258 1610 ἀδικάν
1281 1533 1318 1597 δέ

194 1653 245 1706 τις
266 1627 437 1694 άλίσκεται
460 1623 483 1706 ἢ
504 1628 615 1717 ἀργων
637 1627 660 1708 ἢ
680 1627 803 1720 ῥήτωρ,
824 1625 873 1704 εἰς
895 1628 956 1704 την
976 1628 1098 1716 βουλὴν
1122 1629 1320 1718 εἰσαγγελία

194 1730 328 1800 δίδοται
352 1729 425 1796 κατ’
451 1730 565 1796 αὐτοῦ·
591 1727 655 1797 κάν
676 1737 735 1816 μὲν
756 1733 876 1818 μέτρια
903 1731 1028 1797 ἀδικεῖν
1047 1732 1144 1820 δοκῇ,
1166 1731 1187 1812 ἡ
1209 1734 1319 1818 βουλή

194 1843 343 1900 ποιεῖται
352 1831 479 1916 ζημίας
495 1835 668 1918 ἐπιβολήν,
692 1829 736 1898 οἰκ
752 1835 787 1898 δὲ
798 1831 912 1916 μείζω,
935 1833 1144 1921 παραδίδωσι
1157 1838 1321 1917 δικαστηκ]

195 1937 284 2027 pqr)
308 1936 346 2002 τά
371 1938 406 2000 δὲ
429 1933 570 2020 τίμημα,
592 1935 610 2002 ὅ
629 1960 662 2001 τι
679 1937 744 2022 χρη
767 1932 1121 2014 constantinorum.
1144 1937 1318 2024 ἐγίγνοντο

194 2045 230 2110 δὲ
253 2037 459 2124 εἰσαγγελίαι
478 2041 535 2103 καὶ
552 2039 640 2103 κατά
656 2045 720 2104 τῶν
732 2037 971 2103 καταλυόντων
983 2038 1044 2104 τόν
1055 2041 1165 2123 δῆμον
1178 2035 1201 2117 ἢ
1215 2038 1317 2130 ῥητό·

194 2168 259 2230 ρων
281 2141 328 2227 μή
352 2143 395 2206 τά
413 2139 535 2226 Ιἀίριστα
551 2147 595 2226 τῷ
614 2139 708 2227 δήμῳ
724 2139 891 2221 λεγόντων
911 2135 933 2220 η’
948 2141 1031 2226 πρὸς
1046 2143 1123 2219 τούς
1140 2143 1319 2228 πολεμίους

194 2245 272 2312 ἄνευ
295 2245 357 2310 τοῦ
376 2247 582 2327 πεμφθῆναι
605 2241 843 2324 ἀπελθόντων,
859 2242 880 2321 ἢ
896 2243 1088 2328 προδόντων
1107 2246 1274 2334 φρούριον
1299 2244 1319 2324 η’

194 2340 1318 2434 στρατιάνῆναῦς,ώςΘεόφραστοςἕντῴ[δ’]τιερ“ινόμων.Οίιίοτορο-

193 2457 269 2516 rant
280 2450 407 2515 Polluci
422 2447 567 2513 Schoem.
590 2449 630 2512 de
645 2451 751 2513 comit.
770 2472 801 2533 p.
817 2450 877 2512 188
894 2472 964 2531 sqq.
978 2450 1118 2516 Meierus
1139 2452 1178 2516 de
1195 2452 1242 2516 ht.
1259 2458 1318 2516 att.

194 2577 225 2638 p.
242 2555 304 2618 262
319 2573 391 2635 sqq.
404 2551 441 2614 E.
450 2551 624 2615 Platnerus
641 2551 680 2614 de
694 2551 742 2614 lit.
757 2557 789 2615 et
804 2572 907 2615 accus.
920 2551 1009 2615 attic.
1023 2553 1047 2615 I.
1059 2576 1090 2637 p.
1103 2554 1175 2617 365.
1201 2551 1317 2617 Schoe-

106 2703 113 2714 .
195 2663 333 2720 mannus
356 2659 465 2718 autem
487 2659 662 2737 postquam
676 2653 837 2717 Desiderii
857 2653 993 2716 Heraldi
1014 2654 1319 2739 interpretationem

193 2755 357 2846 clypeique
380 2754 603 2835 ἀδικημάτων
630 2755 796 2838 refutavit,
829 2755 916 2837 quod
945 2761 1093 2839 repetere
1121 2779 1186 2822 non
1209 2779 1316 2822 neces-

194 2861 315 2925 sarium
339 2864 398 2941 est,
421 2859 529 2943 pergit
550 2881 582 2941 p.
607 2860 667 2922 188
691 2879 738 2940 sq.
767 2859 930 2940 ‚videlicet
951 2860 985 2923 iu
1008 2859 1155 2924 omnibus
1178 2859 1316 2942 publicis

194 2963 361 3028 maleficiis
392 2961 558 3043 inscriptis
588 2955 782 3044 εἰσαγγελία
806 2960 912 3024 locum
934 2961 1087 3046 habebat,
1117 2966 1316 3026 nouantem

194 3067 254 3131 illa
274 3067 343 3130 sola
366 3070 460 3129 erant
483 3069 515 3128 et
537 3069 708 3148 praeterea
730 3062 831 3145 nulla,
854 3063 888 3127 in
912 3062 1029 3145 quibus
1052 3065 1158 3129 locum
1172 3061 1317 3127 haberet.

196 3168 282 3248 Quin
303 3189 397 3233 nemo
421 3172 481 3248 est,
512 3166 569 3249 qui
591 3187 657 3229 non
688 3186 747 3230 sua
769 3172 885 3249 sponte
907 3167 1073 3250 intelligat
1095 3167 1198 3230 multo
1220 3165 1317 3230 raris-

197 3271 370 3336 simaesse
386 3275 537 3353 oportere
552 3267 711 3351 ejusmodi
727 3267 855 3351 delicta,
879 3289 962 3351 quae
974 3270 1071 3333 certis
1084 3269 1209 3352 legibus
1222 3274 1319 3331 cauta

194 3395 260 3438 non
283 3374 359 3455 sint,
383 3378 440 3437 aut
463 3371 505 3436 ad
528 3393 612 3454 quae
634 3371 742 3454 legum
765 3372 1040 3455 praescriptiones
1062 3392 1127 3434 non
1151 3372 1219 3434 sine
1233 3368 1317 3432 diffi-
1357 3391 1360 3403 ·

194 3476 318 3540 cultate
341 3473 502 3558 applicari
524 3478 662 3557 queant3
692 3473 750 3537 illa
773 3479 887 3538 contra
909 3474 1005 3557 longe
1026 3473 1259 3555 frequentiora,
1283 3473 1318 3534 in

194 3575 313 3662 quibus
343 3582 478 3661 propter
508 3575 693 3658 hominum,
726 3596 849 3658 rerum,
883 3581 1066 3658 temporum
1094 3574 1317 3640 condicionem

193 3680 359 3745 ordinaria
367 3701 405 3743 ac
415 3679 558 3762 vulgaris
566 3677 765 3760 judiciorum
779 3679 863 3743 ratio
873 3678 1053 3742 deserenda
1067 3677 1317 3743 essevideretur.

191 3784 300 3865 Atque
315 3782 413 3845 nImio
431 3781 570 3865 saepius,
594 3802 692 3863 quam
705 3801 786 3864 opus
800 3785 880 3862 erat,
903 3780 938 3843 id
949 3779 1133 3845 faciendum
1146 3778 1317 3844 videbatur

192 3883 381 3970 potentibus
404 3881 821 3965 factiosisquehominibus,
845 3882 902 3966 qui
914 3881 1096 3947 deferendis
1114 3881 1156 3946 ad
1168 3887 1317 3946 senatum

192 3987 414 4073 populumque
438 3984 635 4067 criminibus„
660 3984 758 4049 etiam
781 3983 966 4068 levioribus,
996 3991 1055 4050 aut
1077 3985 1139 4049 sihi
1160 3983 1318 4066 majorem

262 4122 281 4193 1)
314 4122 332 4174 f.
352 4122 460 4194 [nem]
478 4121 582 4175 xuvn
599 4124 636 4188 q.
649 4125 692 4185 ει,
711 4125 754 4175 43.
