3190 5002
655 351 867 421 ..45-

201 547 298 612 qnam
319 547 380 612 par
409 531 460 593 est
487 549 521 592 se
543 525 650 612 abripi
671 549 787 611 passus
817 528 868 594 sit.
912 525 1056 611 Quaerit,
1084 549 1164 594 num
1185 525 1323 613 cogitari

199 630 313 715 possit,
342 636 412 696 tam
441 629 530 696 brevi
558 630 716 714 temporis
747 630 855 714 spatio
887 631 1013 697 reditus
1042 629 1133 695 urbis
1160 652 1178 696 e
1201 630 1322 696 fodinis

199 735 321 817 augeri,
349 754 421 798 cum
449 728 563 819 πρῴην
591 732 634 797 ad
662 737 791 819 tempus
819 733 916 798 modo
945 733 1159 816 praeteritum
1187 739 1322 819 spectet.

198 835 378 918 Postquam
402 835 530 920 judices
551 836 722 901 metallum
742 834 826 900 illud
846 836 1010 920 privatum
1032 855 1101 900 esse
1123 840 1322 919 statuerunt,

198 937 439 1004 collocaverunt
469 937 581 1003 eodem
612 937 767 1022 suffragio
796 937 831 1001 in
862 943 935 1003 tuto
958 957 1069 1003 eorum
1091 935 1266 1004 facultates
1289 943 1323 1004 et

197 1033 358 1123 reliquam
379 1061 511 1126 operam
532 1040 567 1104 in
589 1041 731 1104 metallis
752 1041 937 1125 ponendam
959 1039 1146 1122 firmarunt.;
1175 1046 1322 1106 recentes

199 1143 439 1226 secturaeprius
460 1141 501 1206 ob
524 1147 646 1206 metum
669 1143 844 1209 derelictae
866 1163 952 1208 nunc
974 1147 1160 1207 tractantur
1184 1143 1242 1205 καὶ
1264 1143 1323 1222 τῆς

199 1244 326 1320 πόλεως
347 1247 385 1308 αἱ
414 1241 579 1330 πρόσοδοι
600 1245 638 1308 αί
660 1245 797 1311 ἐκεῖθεν
825 1243 929 1310 πόλιν
958 1241 1140 1325 αύξονταις
1168 1245 1322 1310 nimirum

199 1369 272 1413 cum
294 1345 513 1433 amplificatae
536 1348 602 1412 sint
624 1346 765 1430 fodinae,
795 1354 957 1432 augentur
978 1347 1104 1413 reditus
1127 1368 1144 1412 e
1166 1347 1321 1430 metallis,

198 1450 250 1514 vel
272 1451 382 1535 potius
402 1454 576 1533 postquam
599 1448 726 1532 judices
755 1471 895 1533 aequum
917 1454 951 1514 et
972 1449 1153 1533 legitimum
1174 1450 1323 1514 fecerunt

198 1550 368 1634 judicium,
391 1550 416 1614 ii
436 1551 561 1616 reditus
589 1553 609 1617 i.
633 1574 659 1618 e.
682 1574 699 1616 e
721 1553 876 1635 metallis,
905 1572 987 1634 quos
1008 1573 1138 1635 pessum
1161 1551 1322 1617 dederunt

198 1658 344 1718 oratores
367 1653 500 1736 quidam
523 1653 639 1719 divites
669 1654 891 1720 exactionibus
921 1660 1086 1737 vexantes,
1117 1676 1204 1719 nunc
1226 1675 1322 1738 auge·

197 1755 329 1820 buntur.
374 1754 519 1820 Offendit
540 1757 722 1841 Lavesium,
753 1757 841 1840 quod
862 1756 905 1821 ad
933 1754 1048 1843 πρῴην
1070 1757 1256 1841 appositum
1279 1757 1323 1821 sit

198 1862 260 1924 τοῦ
281 1854 487 1935 ἐξελθόντος
512 1857 622 1942 μηνός
649 1858 757 1924 verbis
785 1857 979 1942 quibusdam
1007 1859 1219 1941 intermissis,
1249 1880 1320 1925 mec
1353 1896 1357 1902 -·

200 1961 330 2044 quidem
348 1959 472 2044 judicio
493 1959 578 2024 nihil
599 1961 790 2045 languidum
812 1961 899 2026 inest
927 1961 962 2024 in
990 1961 1042 2025 his
1071 1961 1195 2026 uerbis:
1234 1961 1322 2047 quod

198 2064 292 2129 modo
315 2084 339 2128 s.
362 2062 481 2127 nudius
503 2063 621 2129 tertius
644 2063 792 2129 iecerunt
810 2063 936 2147 judices
951 2069 1091 2128 exeunte
1104 2064 1239 2146 mense'3
1261 2085 1321 2149 pro

200 2163 314 2255 πρῴην
336 2166 370 2229 in
392 2170 518 2230 textum
546 2166 692 2254 restituit
721 2167 848 2253 πέρυσι,
877 2166 919 2230 ad
948 2166 1036 2248 quod
1063 2165 1223 2250 glossema
1252 2187 1321 2232 esso
1379 2183 1382 2191 ⁴

200 2266 369 2332 contendit
391 2264 449 2332 τού
472 2262 677 2344 ἐξελθόντος
700 2268 799 2347 (ΡοΙΙ.’
815 2268 841 2352 I,
863 2268 905 2333 56
928 2268 1054 2353 πέρυσι·
1077 2269 1136 2332 τού
1156 2264 1320 2346 ἐξελθόν-

200 2392 256 2444 τος
280 2366 404 2451 ἔτους),
425 2390 524 2452 porro
546 2370 654 2454 μηνός
675 2371 835 2454 glossema
858 2392 927 2436 esse
939 2371 1009 2435 vult
1021 2370 1191 2436 adnomen
1203 2372 1322 2437 mensis

197 2473 302 2555 ignoti
323 2471 463 2537 fortasse
485 2471 673 2556 lectoribuS,
703 2473 791 2555 quod
813 2479 976 2538 servatum
998 2494 1068 2538 esse
1090 2473 1120 2538 ei
1141 2473 1270 2539 videtur
1286 2474 1322 2538 in

198 2573 313 2658 fragm.
344 2575 405 2639 129
433 2571 697 2660 Μεταγειτνιών.
740 2576 914 2658 Proponit:
950 2575 1053 2639 τούτο
1083 2575 1113 2641 δ’
1142 2578 1170 2639 εὶ
1191 2574 1322 2657 βούλει,

199 2675 240 2741 τό
256 2677 373 2764 πέρυσι
387 2677 448 2742 τού
459 2674 753 2763 Μεταγειτνιῶνος
774 2675 842 2744 ύπό
865 2678 927 2742 τῶν
949 2677 1115 2743 δικαστῶν
1131 2683 1191 2742 etc.
1215 2677 1321 2742 Unus-

82 2839 88 2852 ,
200 2780 337 2862 quisque
366 2779 533 2863 intelligit,
565 2801 699 2864 prorsus
727 2801 1000 2864 supervacaneam
1029 2800 1098 2845 esse
1129 2777 1216 2846 hanc
1246 2800 1320 2845 con·

194 2880 367 2964 jecturam,
392 2880 513 2964 quippe
537 2903 637 2965 quum
659 2883 769 2949 omnia
790 2889 878 2949 recte
899 2882 1089 2967 procedant.

282 3017 438 3083 Veterum
450 3017 489 3082 de
500 3016 676 3102 Hyperidis
689 3020 876 3102 eloquentia
889 3019 1014 3103 judicia
1028 3018 1177 3103 graviora
1190 3018 1322 3102 collegit

197 3119 343 3186 Blassius
354 3144 386 3207 p.
397 3119 507 3184 XXXI
520 3142 602 3206 sqq,
627 3124 683 3205 qui
704 3123 812 3187 nescio
836 3142 902 3205 qua
924 3120 1320 3186 decausaomisitDionis

198 3220 421 3307 Chrysostomi
438 3223 599 3307 judicium
622 3245 667 3290 or.
685 3224 854 3307 XVIH,11
879 3223 956 3288 hoc:
981 3223 1043 3289 τῶν
1066 3247 1104 3309 γε
1126 3221 1196 3306 μην
1216 3218 1321 3307 ῥητό-

199 3346 264 3408 ρων
295 3323 376 3400 τούς
412 3322 572 3409 οίρίοτους
601 3323 651 3401 τίς
679 3325 737 3392 ούκ
774 3323 968 3406 iniunctam
1003 3325 1233 3408 Δημοσθένην
1259 3329 1321 3408 μὲν

198 3421 338 3510 δυνυίμει
360 3451 397 3491 τε
420 3426 634 3513 α’παγγελίας
657 3430 715 3493 καὶ
738 3425 934 3506 δεινότητος
953 3425 1107 3504 διανοίας
1122 3425 1321 3505 καὶπλὴθει

124 3609 128 3614 q
198 3524 308 3611 λόγων
345 3527 478 3605 ποίντας
508 3529 583 3606 τούς
612 3528 757 3620 ῥήτορας
783 3527 1069 3618 ὑπερβεβληκότα·
1112 3529 1251 3597 Λυσίαν
1284 3531 1321 3596 δὲ

197 3627 384 3715 βραχύτητι
407 3634 465 3696 καὶ
489 3629 657 3711 ἁπλότητι
682 3635 741 3696 καὶ
753 3633 904 3718 συνεχείᾳ
916 3631 1072 3708 διανοίας
1085 3635 1143 3697 καὶ
1160 3633 1204 3716 τῷ
1219 3633 1318 3710 λελη-

198 3731 303 3797 θέναι
326 3732 388 3811 την
408 3735 597 3813 δεινότητα.
620 3732 721 3816 Πλὴν
737 3733 797 3800 ούκ
816 3730 860 3798 σ’ίν
884 3734 946 3820 ἐγώ
968 3757 1022 3800 σοι
1037 3734 1320 3819 συμβουλεύσαιμι

198 3833 240 3899 τοί
271 3835 381 3899 πολλοὶ
405 3835 538 3912 τούτοις
567 3837 791 3924 ἐντυγχάνειν,
821 3835 897 3901 αλλ’
924 3834 1096 3923 Ὑπερείδῃ
1126 3860 1160 3902 τε
1189 3836 1320 3920 μᾶλλον

200 3938 257 4002 καὶ
278 3935 429 4030 Αἰσχίνη.
468 3939 604 4005 Τούτων
625 3939 690 4026 γοίρ
713 3936 943 4023 ἁπλούστεραί
965 3962 1000 4004 τε
1023 3942 1059 4003 αί
1078 3938 1237 4024 δυνάμεις
1260 3939 1320 4002 καὶ
