3190 5002
643 331 855 396 ...53-

189 504 294 568 causis
317 501 512 585 quibusdam
533 501 746 586 interpositis,
769 525 853 587 quae
875 504 917 568 ad
938 504 1083 588 singulas
1105 506 1309 590 parteslegis

189 605 371 690 applicatae
393 610 496 668 crant.

272 707 406 771 Initium
434 706 551 772 faciam
580 705 621 772 ab
643 707 806 792 Hyperide
836 713 869 772 et
898 709 946 772 ita
975 709 1145 774 instituam
1173 731 1251 792 rem,
1274 716 1312 776 ut

189 809 326 893 singulis
355 810 435 892 legis
466 808 615 892 partibus
638 831 692 874 cas
714 810 897 874 adscribam
919 803 1145 896 εἰσαγγελίας,
1169 833 1250 894 quas
1273 833 1310 877 eo

187 911 365 976 trahendas
388 933 456 976 esse
478 910 630 976 arbitror.

293 1014 317 1078 Ι.
361 1011 421 1078 ε’άν
443 1037 493 1088 τις
515 1012 576 1078 τὸν
598 1014 706 1098 δῆμον
726 1012 786 1079 τὸν
796 1011 984 1092 Ἀθηναίων
1008 1010 1199 1106 καταλύηή
1212 1017 1310 1108 συνίη

340 1138 398 1180 ποι
413 1115 467 1180 ἐπὶ
484 1114 668 1180 καταλύσει
691 1113 753 1181 τοῦ
775 1115 883 1198 δήμου
903 1109 926 1194 ἢ
948 1114 1310 1210 ε’ταιρικύνσυναγύγη.

392 1218 431 1281 cf.
454 1218 535 1282 Poll.
557 1219 578 1282 l.
601 1219 622 1282 l.
648 1219 737 1283 κατά
768 1220 831 1283 τῶν
854 1219 1091 1288 καταλυόντων
1114 1221 1173 1284 τάν
1196 1224 1312 1306 δῆμον.

391 1327 475 1384 auct.
486 1322 548 1385 lex.
562 1320 645 1384 rhet.
661 1318 813 1384 Cantator.
827 1318 886 1387 ε’άν
897 1344 947 1397 τις
956 1320 1110 1412 καταλύῃ
1123 1321 1182 1387 τύν
1194 1323 1214 1386 δ
1219 1325 1311 1406 ήμον.

272 1421 418 1487 Duorum
432 1413 601 1488 criminum
610 1423 817 1489 insimulatus
826 1429 875 1487 est
882 1422 1067 1487 Alcibiades
1075 1424 1171 1487 Isocr.
1180 1423 1310 1508 XVI,6:

189 1518 315 1600 εἰδότες
338 1525 373 1588 δέ
403 1527 449 1605 (οἱ
470 1523 684 1608 τοῦπατρὸς
705 1525 840 1612 ἐχθροὶ)
865 1525 927 1604 τήν
949 1523 1047 1590 πόλιν
1070 1526 1134 1590 τῶν
1155 1530 1214 1610 μὲν
1236 1529 1312 1612 περὶ

189 1626 266 1701 τούς
287 1624 394 1702 θεούς
414 1625 550 1710 μάλιστ’
573 1621 616 1692 div
638 1625 877 1712 ὀργισθεῖσαν,
899 1627 1002 1700 εἴτις
1025 1624 1072 1702 εἰς
1093 1626 1136 1690 τά
1146 1626 1311 1716 μυστήρια

188 1727 350 1817 φαίνοιτο
378 1725 628 1814 ἐξαμαρτάνων,
658 1723 724 1793 τῶν
756 1729 786 1794 δ’
807 1725 932 1808 ἄλλων,
962 1727 996 1792 εἴ
1021 1752 1069 1805 τις
1090 1729 1228 1816 τολμάῃ
1254 1732 1312 1796 τόν

188 1831 299 1914 δῆμον
321 1829 516 1913 καταλύειν,
539 1829 733 1920 υἰμφοτέρας
756 1828 879 1906 ταύτας
901 1830 1085 1907 συνθέντες
1107 1831 1169 1907 τάς
1191 1827 1310 1920 αἰτίας,

188 1928 409 2016 εἰσήγγελλον
439 1930 487 2008 εἰς
516 1933 577 2012 τήν
604 1932 734 2016 βουλήν
762 1932 915 2016 λέγοντες
936 1929 977 2007 nic
1000 1930 1018 1997 ὁ
1040 1933 1153 2020 πατήρ
1176 1933 1311 2020 συνάγει

186 2038 245 2116 μὲν
268 2032 326 2118 τήν
354 2031 504 2119 ἑταιρίαν
527 2036 582 2100 ἐπὶ
605 2035 776 2119 νεωτέροις
807 2033 1015 2120 πράγμασιν,
1038 2027 1131 2100 οὗτοι
1155 2037 1192 2100 δὲ
1215 2036 1250 2102 ἰν
1273 2034 1312 2128 τῇ

188 2137 407 2213 Πολυτίωνος
431 2133 524 2222 οἰκία
547 2129 820 2212 συνδειπνούντες
842 2134 885 2199 τά
907 2135 1073 2222 μυστήρια
1090 2134 1312 2217 sordesceret

188 2239 281 2303 Diod.
304 2236 365 2302 Sic.
387 2239 475 2303 XIII.
498 2240 534 2304 5:
567 2241 723 2322 διέβαλον
754 2235 859 2305 αύτόν
881 2238 915 2304 ἐν
937 2243 1010 2314 ταῖς
1033 2238 1250 2325 δημηγορίαις
1272 2238 1313 2319 ὡς

188 2337 404 2422 συνωμοσίαν
419 2341 509 2405 κατά
533 2342 594 2406 τού
616 2340 727 2426 δήμου
743 2341 985 2426 πεποιημένους
1007 2349 1215 2408 contraxerat
1226 2345 1311 2409 Alci·

187 2443 299 2508 biades
332 2443 542 2508 sodalitatem
577 2443 619 2508 ad
652 2443 862 2508 evertendum
897 2449 1020 2509 statum
1053 2446 1245 2528 popularem
1278 2452 1312 2512 et

188 2545 417 2627 profanaverat
438 2546 601 2629 mysteria.
645 2544 745 2610 Errat
767 2544 913 2609 Schocm.
937 2546 976 2610 dc
999 2569 1077 2612 com.
1101 2570 1132 2631 p.
1157 2547 1228 2632 190,
1255 2549 1311 2632 qui

187 2649 304 2731 prioris
334 2648 477 2712 criminis
507 2648 747 2713 accusationem
776 2648 977 2712 ordinariam
997 2649 1132 2736 γραφήν
1154 2650 1196 2715 ad
1224 2650 1312 2726 thes·

187 2751 351 2816 mothetas
373 2750 474 2815 fuisse
496 2751 690 2815 concludite
706 2747 820 2838 [Dem]
830 2748 945 2833 XLVI,
958 2752 1010 2834 26,
1029 2772 1104 2815 cum
1118 2750 1311 2819 subditicius

188 2856 231 2919 sit
246 2855 299 2919 hic
314 2854 413 2918 locus.
442 2853 527 2930 Quid
541 2853 581 2918 de
603 2850 756 2942 ἀσεβείας
774 2854 907 2917 crimino
924 2852 1138 2935 judicandum
1150 2855 1204 2940 sit,
1226 2856 1311 2922 vidc-

186 2956 292 3022 bimus
315 2956 426 3040 paullo
449 2954 544 3020 infra.
957 3029 959 3036 Α

272 3055 390 3141 Δήμου
403 3054 617 3131 καταλύσεως
627 3056 897 3122 Callimedontcm
908 3058 1072 3123 accusavit
1078 3058 1312 3127 Demosthenes

187 3159 226 3224 cf.
250 3161 322 3225 Din.
346 3159 371 3242 Ι,
395 3160 452 3223 94:
483 3159 744 3242 Καλλιμέδοντα
768 3155 993 3244 εἰσαγγέλλων
1015 3161 1162 3226 συνιέναι
1185 3162 1219 3228 ἐν
1240 3163 1311 3228 Με-

186 3257 301 3346 γάροις
323 3265 395 3337 τοῖς
424 3259 572 3347 φυγάσιν
593 3261 650 3325 ἐπὶ
674 3257 859 3326 καταλύσει
884 3260 945 3326 τοῦ
965 3260 1074 3346 δήμου
1098 3265 1160 3327 καὶ
1182 3261 1310 3345 ταύτην

189 3363 247 3441 την
268 3358 484 3448 εἰσαγγελίαν
506 3362 614 3439 ιύθύς
637 3360 842 3450 παραχρῆμα
865 3359 1109 3460 ιίναιρρύμενος.

272 3464 455 3531 Scholiasta
470 3466 512 3532 ad
527 3467 617 3531 Dem.
631 3466 749 3550 XXIV,
762 3468 819 3531 63:
842 3463 1038 3551 εἰσαγγελία
1053 3468 1090 3531 δέ
1101 3467 1192 3534 ἐστιν
1205 3464 1312 3551 ὄνομα

187 3564 282 3645 δίκης
312 3568 402 3630 κατά
431 3570 495 3633 τῶν
522 3567 759 3635 καταλυόντων
788 3569 852 3648 τήν
879 3570 1109 3652 δημοκρατίαν
1130 3569 1214 3633 καθ’
1238 3560 1313 3635 οἷον

186 3667 313 3749 δήποτε
325 3667 458 3756 τρόπον.
491 3670 619 3736 Titulus
632 3672 763 3754 spuriae
786 3671 941 3735 orationis
964 3670 1165 3736 Dicarcheae
1189 3671 1311 3751 (XXXI

179 3794 238 3858 ap.
262 3771 295 3837 C.
318 3772 511 3839 Muellerum
534 3796 579 3838 or.
602 3780 661 3840 att.
683 3774 729 3860 II)
758 3779 808 3838 est
832 3773 921 3837 κατά
946 3774 1175 3859 Τιμοκράτους
1197 3768 1311 3860 εἰσαγ·

187 3874 346 3959 γελτικύς
375 3874 504 3964 (λόγος)
534 3872 643 3958 δήμου
673 3873 895 3952 καταλύσεως.
938 3877 1033 3942 Dion.
1055 3876 1159 3941 Halic.
1183 3864 1309 3959 antiqq.

187 3998 266 4045 rom.
278 3977 333 4045 VI.
351 3979 442 4063 cdl,
458 3981 500 4044 22
515 3978 550 4043 id
565 3979 607 4045 ad
621 4001 674 4046 res
687 3999 839 4045 romanas
861 3979 1032 4048 transtulit
1055 4001 1121 4046 non
1143 3980 1311 4045 immemor
