3190 5002
637 397 849 466 „35„.

185 594 205 638 a
225 571 444 637 Demosthene
465 568 577 655 jussus
608 573 738 654 quaerit
768 578 848 655 quot
877 572 1004 637 talenta
1025 591 1134 636 secum
1154 566 1302 636 Athenas

184 676 391 758 adportasset
403 673 579 759 Harpalus,
601 674 629 740 is
652 676 860 758 septingenta
882 695 916 739 se
930 673 965 738 in
981 672 1062 738 urbe
1077 673 1304 742 advenientem

183 777 335 843 habuisse
357 778 543 862 respondet.
577 776 640 842 Sed
662 776 832 842 dimidiata
853 777 921 842 fere
943 782 1072 842 tantum
1094 798 1170 860 pars
1193 797 1306 863 snper-

182 887 270 964 erat3
304 881 431 964 rogavit
458 880 558 963 igitur
580 879 824 963 Demosthenes,
854 885 893 944 ut
914 880 953 944 iis
975 879 1107 962 impune
1130 886 1225 964 esset,
1248 879 1304 963 qui

182 989 298 1067 sponte
326 1004 386 1047 sue.
412 981 584 1065 pecuniam
611 990 778 1066 acceptam
806 982 981 1047 redderent
1012 987 1044 1046 et
1065 982 1169 1047 Areus
1198 999 1309 1066 pagus

180 1086 214 1150 in
259 1091 400 1167 ceteroS,
445 1085 502 1168 qui
534 1086 749 1168 accepissent,
790 1085 980 1168 inquireret.
1034 1083 1148 1149 Subito
1189 1084 1303 1168 effugit

180 1187 345 1272 Harpalus
372 1207 437 1251 non
465 1186 569 1251 invito
597 1187 832 1269 Demosthene3
863 1189 890 1252 is
919 1187 1021 1270 enim,
1051 1189 1102 1252 cui
1129 1186 1211 1252 haec
1232 1189 1304 1250 tota

180 1310 232 1355 res
263 1290 419 1354 mandata
447 1295 534 1372 erat,
563 1289 721 1355 incuriam
751 1290 923 1355 custodum
952 1312 1018 1355 non
1039 1289 1176 1372 punivit.
1220 1288 1303 1352 Tum

181 1393 283 1476 magis
306 1391 500 1457 credebatur
521 1392 704 1457 rumoribus
723 1393 792 1476 jam
814 1397 912 1456 antea
925 1391 1090 1474 dispersis,
1114 1397 1303 1474 corruptum

181 1515 251 1560 esse
287 1494 553 1577 Demosthenem,
595 1517 792 1579 quamquam
833 1517 916 1578 quae
950 1493 1146 1559 Plutarchus
1178 1498 1303 1575 narrat,
1400 1519 1402 1526 ’

180 1602 296 1682 postea
322 1597 451 1663 demum
479 1597 556 1662 fieta
586 1604 679 1680 sunt,;
710 1604 797 1663 certe
819 1596 1099 1664 narratiunculam
1122 1596 1163 1661 de
1184 1595 1302 1678 poculo

179 1701 294 1785 viginti
322 1700 457 1765 talentis
485 1699 620 1784 impleto
648 1706 718 1765 tum
747 1701 891 1766 nondum
920 1707 1032 1765 notam
1054 1699 1171 1783 fnisse,
1203 1718 1302 1764 exeo

180 1808 319 1886 apparet
326 1845 339 1886 ,-
364 1808 402 1867 ut
426 1803 496 1886 jam
517 1801 680 1886 Sauppius
702 1804 838 1885 monuit,
863 1803 949 1885 quod
971 1802 1155 1868 Dinarchus
1177 1803 1211 1866 in
1234 1821 1304 1867 ora-

179 1907 269 1971 tione
297 1905 467 1970 ealumniis
489 1905 612 1969 referta
642 1905 712 1989 ejus
734 1927 799 1970 non
826 1905 941 1970 fecerit
962 1905 1168 1970 mentionem.
1198 1903 1303 1986 Magis

180 2009 215 2076 in
245 2007 314 2073 dies
344 2007 446 2072 crevit
474 2009 629 2092 suspicio,
660 2009 853 2093 praesertim
883 2029 922 2072 ex
950 2030 1014 2091 qno
1042 2005 1218 2072 Demadem
1248 2005 1303 2069 ad-

175 2109 262 2192 juvit
283 2116 462 2194 rogantem,
491 2116 529 2174 ut
550 2110 735 2176 Alexander
765 2112 799 2175 in
822 2111 956 2176 deorum
977 2131 1148 2174 numerum
1169 2107 1304 2174 referre-

180 2216 243 2276 tur.
286 2211 356 2277 Rex
378 2214 479 2296 enim,
513 2235 612 2296 quum
643 2237 682 2280 ex
703 2214 798 2278 India
820 2215 1022 2296 revertisset,
1053 2235 1090 2277 eo
1113 2231 1304 2295 progressus

180 2320 229 2379 est
250 2314 432 2398 superbiae,
453 2321 491 2380 ut
513 2337 533 2380 a
555 2315 688 2381 Graecis
711 2317 854 2381 divinam
875 2317 1059 2400 postularet
1080 2314 1305 2378 adorationem

179 2418 391 2502 singulasque
414 2417 562 2482 civitates
581 2418 713 2501 juberet
743 2420 853 2483 exules
875 2417 1186 2503 recipere-exceptis
1207 2415 1304 2480 saeri-

178 2519 260 2603 legis
290 2525 323 2585 et
350 2518 523 2584 homicidis
534 2525 572 2602 ¹),
609 2521 761 2584 nlmirum
798 2521 923 2585 nullam
954 2519 994 2584 ob
1027 2519 1126 2583 aliam
1162 2539 1303 2600 causam,

180 2643 278 2705 quem
299 2626 337 2685 ut
360 2621 447 2686 domi
467 2620 503 2685 hi
525 2623 788 2706 specularentur,
818 2644 896 2686 num
919 2621 998 2705 quid
1020 2627 1135 2686 contra
1155 2621 1304 2693 Macedo-

178 2745 238 2789 nas
270 2728 447 2789 novaretur
487 2724 776 2807 animadversaque
811 2725 976 2789 deferrent
1009 2723 1051 2788 ad
1082 2723 1303 2809 Antipatrum.

179 2825 302 2905 Quibus
325 2825 501 2911 postulatis
523 2827 708 2891 Alexander
731 2833 933 2911 quantopere
955 2827 1079 2891 animos
1103 2825 1302 2892 Graecorum

179 2927 437 3012 exacerbaverit,
467 2931 691 3012 unusquisque
720 2929 899 3012 intelliget,
932 2928 987 3012 qui
1017 2928 1196 2994 factionum
1217 2929 1304 2992 inter

178 3051 212 3095 se
235 3031 472 3096 contrariarum
495 3031 605 3096 studia
626 3053 685 3116 per
708 3030 863 3096 Graeciae
885 3031 1032 3096 civitates
1056 3052 1203 3115 quosque
1223 3036 1303 3096 tune

177 3135 244 3198 sint
265 3155 448 3218 progressa,
470 3155 578 3198 secum
600 3133 812 3217 reputaverit.
858 3133 1093 3199 Demosthenes
1117 3134 1157 3198 de
1179 3132 1230 3197 his
1252 3155 1301 3198 re-

176 3235 237 3300 bus
267 3257 340 3301 cum
362 3235 523 3301 Nicanore
552 3237 619 3320 egit
642 3237 736 3319 eique
758 3235 924 3319 pollicitus
948 3256 1017 3300 esse
1038 3236 1184 3320 videtur,
1213 3237 1241 3300 si
1263 3235 1303 3301 de

177 3339 282 3404 altero
312 3338 486 3404 desisteret
506 3338 692 3404 Alexander
714 3338 896 3421 postulato,
931 3343 1154 3422 permoturum
1176 3359 1210 3403 se
1233 3359 1302 3404 esse

176 3440 403 3522 Athenienses
426 3445 464 3504 ut
487 3461 560 3504 eum
582 3439 806 3504 adscriberent
829 3439 891 3504 diis
915 3440 1098 3524 olympicis3
1131 3439 1301 3506 oboedien-

176 3549 226 3608 tes
255 3542 356 3608 fuisse
387 3542 618 3626 Athenienses,
649 3543 847 3626 intelligitur
876 3563 915 3607 ex
936 3542 1019 3627 Hyp.
1056 3564 1101 3607 or.
1124 3542 1192 3606 fun.
1215 3562 1241 3606 c.
1264 3542 1300 3606 9:

175 3643 324 3732 φανερὸν
358 3643 385 3709 δ’
421 3639 455 3721 ἐξ
487 3633 532 3708 ὧν
563 3642 833 3730 ἠναγκαζόμεθα
867 3645 925 3708 καὶ
960 3642 1020 3709 νῦν
1048 3642 1147 3732 ἔχειν·
1172 3644 1304 3718 θυσίας

176 3803 381 3814 -———-—

245 3902 267 3974 ¹)
284 3902 368 3957 Diod.
388 3900 439 3954 Sic.
458 3896 548 3954 XVII.
569 3902 627 3955 109.
645 3900 750 3954 XVIII.
770 3906 795 3956 8.
815 3899 890 3953 Curt.
909 3901 943 3954 de
960 3900 1018 3954 reb.
1037 3906 1104 3970 gest.
1123 3899 1202 3954 Alex.
1211 3899 1252 3954 M.
1263 3900 1298 3954 X.

177 3991 202 4054 2,
221 3994 247 4043 6.
265 3988 490 4060 Mytilenaeorum
508 3986 541 4042 de
564 3985 733 4040 restituendis
751 3985 873 4040 exulibus
891 3986 1027 4040 decretum
1044 3993 1085 4039 est
1102 3985 1133 4039 C.
1151 3985 1177 4039 J.
1196 4003 1236 4056 gr.
1257 3985 1300 4038 ed.

177 4075 296 4128 Boeohh.
314 4076 369 4130 No.
389 4077 465 4129 2166.

1066 4157 1096 4213 3.
